2534 4309
343 141 478 216 ΜΕ
751 138 1152 208 Lista
1250 111 1991 214 X.Cnr.5.{0.

331 325 629 392 tumultus
671 316 880 385 dictus
920 311 1010 385 Π.
1029 321 1330 386 Valerius
1356 318 1667 383 Maximus
1708 301 2001 396 dictator,
2042 321 2407 419 magistru-

223 407 228 412 ’
333 407 614 489 equitum
653 403 782 467 sibi
807 404 978 486 legit.
1007 407 1094 465 M.
1121 403 1463 464 Aemilium
1495 401 1799 464 Paullum.
1846 401 1913 462 id
1948 423 2161 488 magis
2208 403 2409 469 credo,

330 507 517 572 quam
575 485 656 578 Q.
693 483 966 546 'Fabium
1019 499 1096 544 ea
1137 495 1345 544 aetate
1386 497 1573 562 atque
1618 481 1713 542 eis
1754 481 2115 543 honoribus
2163 485 2411 548 Valerio

331 567 704 642 subjectum.
750 577 1035 626 ceterum
1059 583 1137 625 ex
1172 562 1431 622 Maximi
1462 562 1845 642 cognomine
1878 575 2089 624 ortum
2134 583 2415 625 errorem

325 646 497 710 haud
551 643 908 706 abnuerim.
988 641 1331 705 Profectus
1388 638 1658 704 dictator
1699 661 1839 703 cum
1894 642 2193 704 exercitu
2234 663 2413 725 proe-

325 727 420 790 lio
461 745 586 787 uno
629 725 874 784 Marsos
917 721 1146 784 fundit.
1191 741 1333 784 com
1380 722 1539 782 ulsis
1583 720 1821 782 deinde
1863 721 1931 783 in
1971 722 2177 785 urbes
2220 724 2413 783 muni-

325 821 444 880 tas,
488 803 863 876 Milioniam,
905 801 1288 875 Plestinam,
1404 801 1683 864 resiliam
1704 844 1723 874 ,
1786 800 1951 862 intra
1992 802 2139 866 die-s
2186 823 2411 884 paucos

309 888 537 968 cepit:
619 897 688 945 et
739 895 923 965 parte
979 883 1120 965 agri
1173 881 1456 943 multatis
1512 880 1743 942 Marsis
1816 881 2046 944 foedus
2110 883 2407 944 restituit.

325 974 490 1030 'sum
533 965 602 1026 in
643 958 954 1026 Etruscos
994 981 1254 1025 versum
1297 961 1558 1024 bellum.
1602 973 1689 1034 et,
1752 981 1945 1044 quum
1984 961 2277 1024 dictator
2313 985 2409 1024 au·
2476 1021 2478 1044 ,

323 1047 674 1130 spiciorum
745 1041 1246 1125 repetendorum
1311 1063 1531 1104 caussa
1586 1041 1920 1124 profectus
1982 1045 2263 1104 Romam
2318 1063 2407 1104 es·

323 1143 456 1200 set,
519 1124 826 1206 magister
867 1123 1179 1207 equitum,
1225 1121 1590 1202 pabulatum
1645 1141 1977 1204 egressus,
2036 1143 2122 1184 ex
2165 1123 2409 1183 insidiis

328 1203 868 1282 circumvenitur3
911 1203 1244 1286 signisque
1287 1203 1531 1286 aliquot
1571 1202 1864 1276 amissis,
1907 1200 2099 1264 foeda
2142 1203 2407 1264 militum
2475 1221 2477 1224 ’

325 1287 522 1350 caede
577 1303 650 1346 ac
703 1282 852 1366 fuga
905 1283 976 1343 in
1019 1295 1223 1344 castra
1283 1295 1383 1344 est
1424 1301 1563 1343 com
1612 1283 1811 1345 ulsus.
1877 1281 1987 1363 qui
2025 1295 2256 1345 terror
2292 1304 2407 1344 non
2479 1277 2480 1284 '

325 1389 406 1430 eo
450 1378 690 1427 tantum
731 1385 766 1424 a
808 1363 1016 1426 Fabio
1057 1361 1395 1432 abhorret,
1442 1303 1615 1446 quo}
1652 1363 1713 1422 si
1756 1381 1877 1456 qua
1920 1362 2043 1423 alia
2084 1377 2233 1426 arte
2274 1381 2407 1445 cog·

323 1467 557 1508 nomen
597 1463 780 1504 suum
819 1442 1137 1526 aequavit,
1175 1456 1313 1504 ,tum
1352 1442 1623 1504 maxime
1644 1442 1897 1504 bellicis
1926 1441 2263 1506 laudibusz
2307 1442 2405 1505 sed

279 1559 290 1568 ν
325 1527 537 1599 etiam,
583 1523 786 1606 quod,
831 1542 1078 1584 memor
1119 1523 1498 1605 Papirianae
1540 1523 1875 1596 saevitiae,
1920 1543 2307 1608 numquam,
2350 1537 2407 1584 ut

327 1608 658 1670 dictatoris
699 1601 946 1681 injussu
989 1599 1343 1676 dimicaret,
1388 1601 1619 1664 adduci
1657 1602 1999 1684 potuisset.

487 1686 597 1747 lv.
685 1681 980 1744 Nuntiata
1025 1700 1098 1741 ea
1141 1680 1355 1745 clades
1398 1685 1669 1744 Romam'
1702 1680 2029 1762 majorem,
2076 1701 2269 1777 quam
2310 1699 2405 1744 res

324 1779 482 1840 erat,
524 1780 844 1827 terrorem
885 1760 1140 1823 excivit.
1185 1781 1351 1830 nam,
1398 1775 1467 1823 ut
1490 1763 1781 1824 exercitu
1818 1761 2055 1836 deleto,
2102 1775 2193 1823 ita
2234 1761 2403 1841 justi·

321 1849 480 1914 tium
522 1843 871 1919 indictum3
931 1837 1260 1903 custodiae
1304 1841 1373 1902 in
1413 1842 1653 1924 portis,
1698 1841 1959 1924 vigiliae
2004 1842 2263 1904 vicatim
2304 1861 2401 1901 ex-

323 1942 540 2004 actae3
589 1943 793 1997 arma,
834 1919 963 1982 tela
1005 1919 1074 1980 in
1113 1941 1329 1982 muros
1371 1935 1696 2006 congesta.
1778 1921 2097 1984 Omnibus
2138 1921 2401 2001 juniori-

322 2009 462 2070 bus‘
483 2015 878 2068 sacramento
917 1998 1158 2062 adactis
1179 2043 1197 2074 ,
1259 2001 1568 2075 dictator,
1628 1999 1707 2062 nd
1756 2000 2113 2073 exercitum
2150 2003 2397 2070 missus,

323 2088 536 2150 omnia
590 2103 708 2166 spe
763 2079 1200 2166 tranquilliora
1261 2093 1327 2142 et
1386 2081 1737 2162 composita
1793 2081 2084 2164 magistri
2124 2081 2397 2166 equitum

323 2187 476 2232 cura
495 2209 512 2240 ,
573 2175 781 2226 castra
819 2162 888 2222 in
929 2161 1230 2224 tutiorem
1272 2159 1481 2222 locum
1520 2161 1775 2222 redacta
1792 2203 1810 2235 ,
1856 2161 2206 2234 cohortes,
2250 2181 2399 2244 quae

327 2247 514 2330 signa
567 2243 943 2315 amiserant,
1009 2253 1186 2305 extra
1241 2239 1473 2302 vallum
1526 2241 1671 2302 siue
1720 2241 2019 2304 tentoriis
2076 2241 2399 2304 destitutas

321 2324 606 2400 iuvenit3
671 2321 1019 2384 exercitum
1056 2318 1310 2416 svidurq
1362 2339 1649 2404 pugnae,
1708 2341 1839 2403 quo
1876 2321 2185 2382 maturius
2228 2319 2399 2402 igno-

323 2407 520 2470 minia
562 2404 952 2465 aboleretur.
995 2401 1212 2482 ltaque
1253 2400 1596 2462 confestim
1638 2414 1845 2464 castra
1882 2399 2037 2462 inde
2078 2401 2149 2461 in
2186 2419 2397 2483 agrum

223 2513 230 2525 ·
321 2485 734 2549 Rusellanum
775 2481 1116 2563 promovit.
1155 2481 1256 2540 Eo
1298 2493 1367 2540 et
1404 2480 1625 2544 hostes
1666 2479 1889 2542 secuti.
1932 2492 1998 2541 et
2038 2499 2397 2564 quamquam

324 2589 404 2632 ex
445 2567 612 2626 bene
655 2578 830 2644 gesta
866 2581 942 2631 re
970 2579 1273 2625 summam
1314 2571 1381 2619 et
1418 2558 1489 2620 in
1528 2573 1750 2640 aperto
1789 2559 2135 2637 certamine
2176 2559 2395 2622 virium

324 2663 504 2728 spem
563 2643 918 2717 habebant3
981 2654 1190 2701 tamen
1247 2638 1501 2703 insidiis
1564 2660 1854 2724 quoque,
1916 2659 2069 2721 quas
2127 2638 2395 2702 feliciter

325 2723 578 2809 experti
625 2733 824 2795 erant,
868 2719 1116 2783 hostem
1155 2731 1423 2780 tentant.
1506 2723 1705 2782 Tecta
1744 2718 2051 2782 semiruta
2090 2719 2245 2792 vici,
2288 2739 2401 2802 per

323 2804 740 2870 vastationem
781 2819 1078 2881 agrorum
1120 2797 1363 2872 deusti,
1419 2798 1589 2862 haud
1628 2801 1857 2882 procul
1900 2799 2131 2861 castris
2168 2801 2395 2860 Roma-

325 2905 552 2948 norum
594 2884 874 2960 aberant.
959 2877 1058 2941 lbi
1094 2877 1331 2940 abditis
1371 2879 1662 2953 armatis,
1708 2899 1905 2960 pecus
1944 2879 2015 2940 iu
2054 2893 2393 2962 conspectu

324 2961 637 3050 praesidii
661 2957 952 3030 Romani,
997 2957 1100 3020 cui
1143 2971 1441 3038 praeerat
1480 2962 1597 3022 Cn.
1636 2957 1899 3023 Fulvius
1940 2959 2209 3041 legatus,
2250 2979 2391 3041 pro·

367 3047 598 3108 uisum.
651 3038 732 3102 ad
771 3059 956 3122 quam
1007 3036 1399 3098 inlecebram
1450 3059 1640 3122 quum
1688 3051 2056 3104 moveretur
2093 3057 2287 3101 nemo
2324 3037 2390 3098 sb

321 3067 605 3188 Romana
647 3119 954 3189 statione,
1011 3129 1341 3198 pastorum
1378 3139 1543 3180 unus
1566 3161 1583 3196 ‚
1646 3141 1769 3202 pro
1850 3138 2028 3181 essus
2069 3117 2191 3180 sub
2230 3119 2391 3200 ipsas

323 3203 732 3272 munitiones,
775 3197 1072 3259 inclamat
1108 3195 1294 3269 alios,
1339 3211 1713 3262 cunctanter
1750 3222 1785 3261 a
1872 3197 2077 3260 ruinis
2116 3197 2249 3260 vici
2288 3216 2391 3280 pe·

323 3305 436 3349 cus
477 3280 948 3364 propellentes,
1003 3275 1150 3355 quid
1181 3289 1507 3350 cessarent,
1566 3301 1747 3360 quum
1792 3299 1900 3359 per
1956 3277 2149 3338 ”nodia
2208 3289 2393 3338 eastra

323 3367 596 3426 Romana
639 3369 759 3418 tuto
801 3377 976 3435 agere
1013 3354 1291 3436 possent?
1370 3359 1551 3421 Haec
1610 3379 1805 3440 quum
1858 3359 2071 3440 legato
2112 3357 2391 3420 Caerites

327 3441 580 3525 quidam
625 3440 1236 3519 interpretarentur,
1301 3449 1369 3498 et
1410 3457 1529 3520 per
1568 3459 1789 3502 omnes
1828 3437 2190 3518 manipulos
2234 3437 2389 3498 mili-

323 3535 454 3585 tum
493 3518 848 3600 indignatio
887 3517 1116 3599 ingens
1161 3529 1367 3591 esset,
1434 3537 1556 3580 nec
1594 3532 1807 3580 tamen
1850 3517 2099 3581 in'ussu
2140 3535 2401 3580 movere·

321 3599 634 3661 auderent
655 3595 758 3670 *);
823 3594 1004 3672 jubet
1063 3597 1311 3677 peritos
1368 3597 1625 3680 linguae
1694 3597 1885 3660 adten
1932 3617 2047 3659 ere
2102 3597 2385 3666 animum,

320 3690 650 3758 pastorum
673 3692 886 3734 sermo
909 3693 944 3733 a
1025 3675 1168 3748 esti,
1211 3697 1291 3737 an
1322 3677 1591 3753 urbano,
1632 3679 1910 3760 propior
1948 3691 2146 3740 esset.
2192 3677 2385 3768 Quum

320 3754 664 3825 referrent,
709 3771 935 3812 sonum
989 3752 1238 3840 ‘inguae
1257 3799 1277 3830 ‚
1336 3773 1404 3823 st
1440 3777 1786 3842 corporum
1815 3757 2115 3820 -habitum
2134 3801 2153 3840 ,
2196 3773 2263 3820 et
2298 3757 2386 3818 ni.

382 3918 440 3982 ·)
471 3933 525 3968 ss
557 3918 805 3970 auderent
836 3917 1008 3976 Gmn.
