2534 4309
347 180 482 238 2²²
741 158 800 229 L
843 178 871 226 1
919 176 960 225 s
1010 175 1054 225 e
1098 172 1154 224 ιι
1251 154 1372 223 IV.
1468 152 1615 223 C]
1662 172 1729 225 r.
1824 148 1946 220 60.
1996 148 2116 221 61.

338 352 470 427 jam
505 344 746 407 emer-ita
783 343 1074 423 stipendia
1111 351 1308 414 essent,
1351 342 1587 403 meliore
1622 340 1956 403 conditione
1992 340 2141 401 alios
2204 340 2424 399 mz‘lim-

341 448 404 489 τε
422 470 442 499 ,
485 446 660 503 quam
700 424 812 505 ipsi
853 424 1190 483 militassent
1196 445 1225 498 3
1265 432 1325 483 et
1361 424 1591 482 eosdem
1632 423 1696 485 in
1730 440 1836 499 sua
1888 418 2181 501 stipendia
2222 420 2423 499 inpen-

337 528 428 569 sas
467 508 710 585 fecisse,
782 512 850 575 pt
898 504 962 563 ἰη
1013 504 1277 562 aliorum·
1304 506 1533 580 ficere.
1615 501 1739 562 His
1776 500 2046 574 vocibus
2084 514 2425 563 moverunt

339 600 594 672 partem
632 584 870 667 plebis.
911 596 1264 667 postremo,
1310 580 1553 645 indicto
1594 580 1723 660 jam
1760 580 2025 654 tributo,
2086 579 2425 640 edixerunt

341 667 532 731 etiam
572 665 839 738 tribuni,
883 662 1120 725 auxilio
1162 683 1236 724 se
1280 662 1553 736 futuros,
1598 662 1657 723 si
1699 661 1841 743 quis
1883 660 1951 720 in
1992 657 2272 721 militare
2314 661 2421 720 sti-

285 762 292 783 ¹
339 746 644 831 pendium
683 744 990 805 tributum
1027 764 1157 805 non
1203 743 1600 804 contulisset.
1684 744 1908 803 Patres
1936 740 2103 801 bene
2136 753 2423 822 coeptam

339 848 479 889 rem
517 838 1010 908 perseveranter
1049 822 1256 884 tueri:
1302 818 1605 885 conferre
1646 820 1774 903 ipsi
1816 820 2044 908 primi:
2088 834 2191 895 et,
2280 821 2421 902 quia

339 906 622 979 nondum
671 916 1002 987 argentum
1061 903 1383 986 signatum
1440 917 1615 975 erat,
1699 922 1807 962 aes
1873 920 2069 982 grave
2120 900 2419 982 plaustris

344 987 604 1072 quidam
642 983 721 1045 ad
753 984 1076 1047 aerarium
1118 982 1574 1056 convehentes,
1618 982 1978 1063 speciosam
2022 980 2215 1041 etiam
2276 1000 2417 1042 con-

335 1068 644 1131 lationem
685 1064 1025 1126 faciebant.
1108 1064 1319 1157 Quum
1360 1077 1615 1124 senatus
1657 1082 1897 1123 summa
1938 1060 2065 1121 fide
2108 1080 2189 1122 ex
2230 1080 2419 1123 censu

273 1168 282 1179 ·
342 1146 742 1219 contulisset,
785 1146 1108 1227 primores
1149 1140 1384 1226 plebis,
1428 1142 1738 1205 nobilium
1778 1141 1988 1214 amici,
2042 1161 2123 1201 ex
2166 1161 2418 1223 compo-

341 1229 466 1292 sito
509 1225 810 1289 conferre
856 1224 1195 1306 incipiunt.
1259 1242 1417 1305 quos
1472 1244 1663 1307 quum
1716 1236 1783 1282 et
1838 1244 1874 1283 s
1914 1219 2215 1283 Patribus
2274 1240 2419 1283 con·

341 1305 610 1381 laudari,
657 1320 722 1367 et
763 1326 800 1365 a
839 1304 1104 1366 militari
1144 1316 1349 1365 aetate
1407 1314 1723 1386 tamquam
1784 1302 1989 1364 bonos
2032 1300 2213 1363 cives
2274 1322 2419 1363 con·

343 1388 513 1471 spici
569 1387 796 1468 vulgus
839 1383 1164 1446 hominum
1201 1380 1398 1456 vidit,
1442 1396 1752 1464 repente,
1814 1395 2037 1465 spreto
2077 1381 2421 1443 tribunicio

344 1466 606 1539 auxilio,
651 1478 977 1527 certamen
1021 1461 1405 1525 conferendi
1448 1477 1547 1525 est
1582 1477 1811 1525 ortum.
1856 1476 1942 1535 et,
1988 1462 2133 1543 lege
2176 1463 2419 1545 perlata

341 1549 426 1610 de
467 1546 816 1607 indicendo
837 1542 1224 1622 Veientibus
1259 1542 1459 1617 bello,
1507 1546 1856 1604 exercitum
1894 1560 2117 1623 magna
2140 1562 2221 1601 ex
2244 1559 2423 1624 parte

351 1624 784 1691 voluntarium
821 1624 978 1689 novi
1015 1622 1262 1686 tribuni
1304 1622 1573 1687 militum
1615 1622 1934 1685 consulari
1966 1635 2285 1705 potestate
2300 1622 2423 1687 Ve-

337 1704 438 1786 ios
482 1705 753 1769 duxere.

431 1838 450 1859 .
485 1816 535 1859 0.
573 1797 693 1858 350.
1007 1786 1174 1845 LXI.
1255 1784 1473 1845 Fuere
1512 1796 1721 1845 autem
1771 1782 2015 1845 tribuni
2058 1786 2134 1844 T.
2181 1784 2423 1877 Quinc·

411 1905 426 1919 .
470 1867 535 1927 C.
574 1876 694 1929 hoa.
841 1863 968 1927 tius
1003 1864 1428 1961 Capitolinus,
1473 1864 1555 1959 Q.
1588 1866 1649 1942 ⁸³)
1698 1863 2035 1959 Quinctius
2080 1864 2427 1927 Cincinna-
2516 1870 2518 1887 ¹

342 1960 469 2020 tus,
514 1946 585 2006 C.
629 1943 833 2006 Julius
876 1944 1056 2007 Iulus
1100 1960 1367 2017 iterum,
1410 1947 1487 2005 A.
1532 1943 1830 2018 Manlius,
1890 1947 1963 2005 L.
2008 1945 2245 2005 Furius
2286 1950 2425 2006 Me-

341 2024 620 2087 dullinus
655 2024 924 2085 tertium
954 2027 1088 2105 fl),
1122 2028 1229 2087 Μ’.
1284 2024 1593 2085 Aemilius
1638 2024 2086 2087 Mamercinus.
2168 2025 2275 2086 Ab
2318 2025 2417 2085 his

389 2105 622 2165 rimum
662 2104 1068 2167 circumsessi
1109 2104 1258 2185 Veji
1302 2118 1487 2182 sunt3
1531 2103 1651 2165 sub
1692 2103 1871 2183 cujus
1931 2104 2187 2165 initium
2248 2104 2423 2169 obsi·
2519 2145 2520 2149 =

341 2128 560 2247 Sionis
605 2206 795 2269 quum
831 2188 1250 2249 Etruscorum
1290 2184 1633 2245 concilium
1673 2184 1753 2246 ad
1792 2186 2001 2245 fanum
2043 2185 2427 2249 Voltumnae
2519 2250 2520 2255 ,

342 2264 721 2349 frequenter
759 2264 1046 2327 habitum
1097 2278 1305 2339 esset,
1414 2286 1587 2325 arum
1628 2264 1945 2337 constitit,
2000 2264 2265 2327 bellone
2308 2288 2425 2349 pu·
2519 2262 2520 2283 ³

345 2346 520 2407 blico
561 2345 770 2439 gentis
812 2346 1152 2409 universae
1209 2360 1362 2407 tuen
1411 2345 1433 2406 i
1485 2342 1794 2424 Vejentes
1854 2356 2087 2406 essent.
2170 2350 2270 2407 Ea
2314 2348 2429 2409 ob-

342 2439 650 2510 pugnatio
691 2428 956 2507 segnior
995 2424 1363 2509 insequenti
1405 2446 1570 2485 anno
1612 2425 1755 2499 fuit,
1796 2440 1978 2507 parte
2020 2424 2429 2489 tribunorum

348 2506 798 2589 exercitusque
839 2507 918 2568 ad
955 2507 1258 2570 Volscum
1301 2519 1556 2567 avocata
1597 2502 1854 2567 bellum.
1935 2503 2265 2567 Tribunos
2306 2509 2429 2568 mi·
2484 2535 2491 2544 ·

380 2602 454 2661 U.
491 2620 544 2662 c.
580 2600 702 2659 351.
851 2584 1036 2647 litum
1095 2585 1418 2647 consulari
1476 2598 1793 2666 potestate
1846 2586 1901 2646 is
1958 2606 2163 2645 annus
2202 2586 2428 2648 habuit

378 2688 427 2722 ι.
475 2670 538 2725 C.
579 2680 696 2731 [μοι.
847 2668 921 2728 C.
965 2666 1297 2732 Valerium
1334 2666 1616 2727 Potitum
1652 2666 1935 2737 tertium,
1976 2668 2080 2726 Μ’.
2122 2667 2251 2727 Ser
2300 2668 2427 2728 ’um

337 2746 735 2822 Fidenatem,
779 2748 854 2807 P.
899 2746 1269 2808 Cornelium
1298 2745 1831 2829 Maluginensem,
1891 2748 2005 2807 Cn.
2046 2746 2263 2808 Corne
2295 2749 2429 2808 ium

345 2828 632 2901 Cossum,
647 2829 724 2891 fl.
741 2826 1006 2889 Fabium
1019 2824 1410 2899 Ambustum,
1429 2828 1542 2909 Sp.
1557 2827 1856 2887 Nautium
1865 2824 2153 2887 Rutilum
2164 2826 2427 2889 iterum.

337 2908 495 2971 Cum
509 2907 764 2972 Volscis
783 2908 959 2969 inter
974 2906 1387 2969 Ferentinum
1404 2921 1593 2989 atque
1612 2910 1910 2968 Ecetram
1926 2906 1983 2967 si
2030 2905 2131 2967 nis
2148 2907 2427 2969 conlatis

339 2987 724 3051 dimicatum.
767 2987 1071 3051 Romanis
1101 2985 1381 3049 secunda
1418 2987 1673 3048 fortuna
1704 3006 1955 3081 pugnae
2020 2987 2134 3047 uit.
2179 2990 2431 3050 Artena

338 3067 514 3143 inde,
548 3068 932 3148 Volscorum
947 3064 1274 3149 oppidum,
1306 3066 1384 3128 ab
1408 3065 1683 3128 tribunis
1696 3064 1988 3128 obsideri
2001 3080 2257 3147 coepta.
2274 3067 2431 3131 inde

337 3148 514 3209 inter
529 3148 930 3229 eruptionem
943 3159 1262 3220 tentatam,
1284 3146 1613 3229 oompulso
1626 3148 1691 3206 in
1706 3147 1933 3207 urbem
1943 3146 2149 3219 hoste,
2168 3150 2428 3211 occasio

340 3227 492 3300 data„
527 3240 630 3287 est
665 3227 972 3288 Romanis
1015 3226 1449 3309 inrumpendi.
1491 3240 1877 3310 praeterque
1938 3246 2153 3287 aroem
2206 3242 2429 3290 cetera

340 3318 568 3388 capta..
588 3306 658 3367 in
698 3326 912 3369 arcem
951 3307 1257 3367 munitam
1297 3322 1518 3369 natura
1559 3307 1787 3389 globus
1829 3320 2220 3369 amatorum
2270 3328 2427 3370 con·

339 3387 561 3449 cessit.
645 3385 820 3447 Infra
863 3406 1076 3449 arcem
1117 3386 1291 3448 caesi
1334 3386 1635 3481 captique
1674 3388 1857 3447 multi
1898 3387 2227 3447 mortales.
2293 3393 2429 3451 Arx

335 3465 574 3528 deinde
616 3465 1069 3534 obsidebatur:
1141 3486 1263 3528 nec
1322 3482 1431 3528 aut
1488 3488 1554 3528 vi
1594 3466 1739 3551 capi
1777 3479 2051 3547 poterat,
2112 3459 2261 3548 qu‘ia
2304 3490 2429 3551 pro

331 3568 368 3609 s
415 3546 544 3608 atio
585 3544 716 3609 loci
756 3546 908 3607 satis
951 3546 1262 3627 praesidii
1305 3545 1616 3625 habebat3
1680 3559 1784 3606 aut
1836 3566 2017 3627 spem
2076 3545 2269 3608 dabat
2310 3550 2429 3610 de·

315 3644 322 3654 ’
381 3626 605 3689 itionis
628 3670 647 3701 ,
707 3626 880 3687 omni
920 3627 1182 3709 publico
1225 3628 1579 3700 frumento,
1622 3622 1995 3709 priusquam
2034 3626 2194 3686 urbs
2230 3648 2431 3710 cape-

331 3720 536 3782 retur,
579 3707 649 3769 in
691 3726 906 3769 arcem
947 3720 1279 3771 convecto.
1320 3707 1665 3802 taedioque
1694 3725 2020 3775 recessum
2050 3705 2205 3767 inde
2228 3708 2429 3783 soret,

332 3788 406 3851 ni
445 3806 670 3851 servus
711 3808 928 3850 arcem-
965 3786 1273 3861 Romanis
1314 3786 1733 3871 prodidisset.
1776 3786 1856 3849 ab
1898 3805 1979 3849 eo
2022 3786 2265 3851 milites
2306 3810 2437 3871 per

401 3955 458 4019 ⁴¹¹)
488 3953 564 4014 P.
600 3952 773 4014 Gron.
811 3952 968 4013 (ἶπον.
1038 3954 1127 4023 θ’)
1153 3908 1360 4023 sitnm,
1394 3954 1543 4015 eaed.
