2534 4309
1347 3 1368 6 --
1381 3 1442 8 v--v
1459 3 1482 6 —
1519 1 1684 9 -—-—----
1707 1 1954 11 -v——w
1973 3 1994 6 -
2015 1 2170 9 --vt--v
2181 3 2362 8 ———-·-—--
2379 3 2400 6 v*

1468 15 1489 47 b

445 187 860 256 Liann
955 188 1084 254 Lx.
1183 190 1445 256 Car.
1544 182 2186 271 33.59.·1035

57 395 204 458 que
245 373 576 456 imaginem
613 373 898 435 Furculas
937 371 1244 438 Caudinas
1280 373 1738 437 memorabant.
1781 377 1985 469 eacgem
2012 383 2195 435 teme·-

55 459 298 518 ritate*
317 457 561 516 avidam
601 455 950 516 ulteriorum
989 449 1220 535 §smper
1253 466 1495 534 gentem
1537 455 1603 514 in
1641 455 1821 516 saltus
1846 455 2053 516 -aenvz‘oa
2080 457 2194 515 de:-

51 541 336 598 duc-tam
351 576 371 606 ,
449 545 674 614 sepiam
715 555 842 595 non
881 535 1140 595 hostium
1180 534 1369 614 magis
1410 536 1620 606 armis,
1703 555 1880 611 quam
1921 537 2195 596 locorum

59 616 508 694 iniquitatibus
547 635 684 676 esse.
765 617 906 676 Jam
947 614 1244 698 gaudium
1286 615 1529 676 invidia
1572 613 1839 697 quadam
1880 614 2196 678 misceba-

55 711 214 768 tur,
263 696 440 778 quod
479 693 637 756 belli
678 697 952 758 Romani
995 695 1190 758 decus
1245 695 1325 756 ab
1368 694 1755 756 Samnitibus
1818 693 2073 755 fortuna
2114 693 2197 756 ad

61 781 412 839 Etruscos
479 775 842 836 avertisset.
924 777 1139 860 itaque
1214 776 1409 836 armis
1480 775 1774 859 virisque
1860 771 1943 834 ad
2013 772 2197 836 obte-

55 854 369 918 rendum
431 857 504 916 C.
577 856 886 931 Marcium
955 855 1285 918 consulem
1365 869 1787 934 concurrunt3
1881 865 2195 936 protenus
2300 880 2313 896 ·

55 936 248 1000 inde
297 935 620 996 Etruriam
660 955 784 1018 per
825 940 1074 999 Marsos
1105 955 1190 997 -ae
1231 936 1505 998 Sabinos
1546 933 1852 1017 petituri,
1926 934 1984 995 si
2022 939 2196 994 Mar-

63 1018 234 1080 cius
277 1013 629 1076 dimicandi
667 1028 1052 1096 potestatem
1095 1037 1226 1078 non
1270 1016 1481 1080 faeiat.
1562 1015 1811 1080 Obvius
1853 1014 1936 1075 iis
1970 1013 2199 1076 consul

59 1097 242 1160 fuit.
329 1088 694 1156 dimicatum
731 1096 986 1179 proelio
1029 1097 1351 1178 utrimque
1392 1095 1628 1167 atroci,
1710 1107 1773 1156 at
1818 1115 1900 1156 ue
1943 1094 2197 1156 incerto

55 1188 334 1239 eventu
375 1188 495 1236 est.
539 1188 604 1236 et
645 1195 840 1258 quum
881 1196 1116 1258 anceps
1158 1175 1391 1238 caedes
1433 1175 1685 1251 fuisset,
1754 1197 1787 1237 a
1834 1193 2060 1237 versae
2099 1186 2195 1235 ta-

55 1277 242 1318 men
283 1255 386 1315 rei
426 1253 590 1316 fama
634 1255 700 1315 in
740 1259 1064 1318 Romanos
1106 1257 1339 1329 vertit,
1424 1256 1509 1320 ob
1561 1254 1829 1318 amissos
1886 1254 2197 1337 quosdam
2278 1323 2281 1328 ,

56 1335 418 1419 equestria
461 1335 734 1409 ordinis,
793 1337 1215 1418 tribunosque
1257 1337 1551 1410 militum,
1635 1348 1823 1418 atque
1862 1355 2060 1396 unum
2093 1335 2195 1396 le-

55 1431 332 1501 gatum,
415 1427 480 1475 et
559 1411 761 1498 (quod
800 1416 1054 1500 insigne
1095 1416 1369 1476 maxime
1412 1417 1565 1494 suit)
1646 1415 1931 1478 consulis
1987 1414 2193 1497 ipsius

53 1498 344 1562 vulnus.
427 1494 534 1558 Ob
574 1495 734 1558 haec
777 1497 966 1557 etiam
1009 1509 1188 1568 aucta
1227 1496 1393 1558 fama
1436 1495 1539 1575 (ut
1562 1495 1759 1572 solet)
1804 1495 2033 1577 ingens
2056 1508 2193 1557 ter-

57 1597 204 1640 ror
226 1577 456 1636 Patres
498 1575 754 1650 invasit,
797 1575 1303 1658 dictatoremque
1336 1574 1464 1638 dici
1482 1576 1807 1658 place-batt
1852 1577 1995 1650 nec,
2036 1575 2199 1656 quin

61 1662 344 1720 Cursor
377 1655 678 1736 Papirius
722 1656 1068 1730 diceretur,
1113 1656 1192 1716 ‘in
1235 1677 1363 1738 quo
1407 1669 1539 1718 tum
1580 1675 1821 1717 summa
1862 1656 1963 1716 rei
2002 1655 2195 1722 helli-

65 1755 204 1800 cae
249 1733 644 1816 ponebatur,
709 1735 973 1797 dubium
1012 1737 1302 1816 cuiquam
1347 1750 1514 1800 erat:
1580 1735 1699 1797 sed
1740 1755 1859 1798 nee
1902 1737 1973 1796 in
2016 1738 2195 1798 Sam-

63 1817 270 1878 nium
313 1811 617 1876 nuntium-
631 1815 937 1897 perferri,
984 1818 1279 1878 omnibus
1301 1817 1579 1892 infestis,
1625 1829 1758 1878 tuto
1794 1837 2031 1898 posse3
2074 1835 2199 1880 neo

67 1895 322 1959 vi'vere
381 1895 690 1957 Marcium
749 1897 1078 1958 consulem
1123 1899 1277 1961 satis
1334 1896 1637 1963 fidebant.
1729 1899 1915 1958 Alter
1972 1897 2198 1960 consul

75 1975 342 2038 Fabius
385 1976 660 2037 infestus
701 1976 1308 2078 privatimPapirio
1352 1991 1525 2039 erate
1601 1997 1761 2060 quae
1814 1994 1897 2038 ne
1942 1975 2038 2037 ira
2080 1977 2200 2039 ob-

75 2067 302 2118 staret
342 2056 514 2119 bono
555 2055 838 2137 publico,
882 2057 1126 2139 legatos
1172 2079 1250 2119 ex
1294 2057 1721 2120 consularium
1758 2057 2198 2120 numero-mit-

81 2134 335 2198 tendos
377 2135 460 2195 ad
501 2156 644 2196 eum
703 2149 959 2198 senatus
1002 2139 1283 2199 censuit:
1369 2137 1479 2221 qui
1544 2158 1657 2198 sua
1716 2157 1985 2220 quoque
2029 2158 2196 2212 eum,

81 2237 238 2278 non
327 2214 536 2276 ublica
577 2216 806 2290 solum,
849 2219 1226 2280 auctoritate
1272 2231 1645 2292 moverent,
1712 2231 1785 2280 ut
1820 2219 2203 2280 memoriam

81 2297 270 2358 simu
299 2295 521 2354 tatium
545 2296 612 2370 ²¹³)
657 2297 900 2376 patriae
941 2299 1325 2360 remitteret.
1406 2297 1697 2360 Profecti
1738 2299 1934 2380 legati
1974 2295 2054 2358 ad
2073 2300 2199 2359 Fa·

73 2375 278 2438 bium
321 2394 514 2455 quum
552 2378 1168 2438 senatusconsultum
1209 2377 1641 2451 tradidissent,
1683 2375 2197 2459 adiecissentque

77 2454 464 2518 orationem
503 2456 990 2518 convenientem
1033 2459 1363 2532 mandatis,
1450 2460 1706 2533 consul,
1789 2458 2085 2521 demissis
2128 2458 2200 2519 in

75 2551 342 2598 terram
383 2535 606 2607 oculis,
651 2537 881 2598 tacitus
923 2537 1002 2598 ab
1044 2538 1332 2612 incertis,
1378 2539 1675 2621 quidnam
1704 2549 1955 2600 acturus
2000 2551 2197 2610 esset,

73 2615 331 2696 legatis
389 2615 686 2678 recessit.
747 2630 940 2678 nocte
993 2617 1231 2678 deinde
1296 2621 1559 2681 silentio
1614 2621 1712 2696 (ut
1752 2639 1891 2680 mos
1934 2618 2061 2696 est)
2116 2622 2199 2684 L.

77 2694 438 2775 Papirium
481 2695 860 2762 dictatorem
899 2697 1083 2763 dixit.
1167 2699 1285 2760 Cui
1328 2719 1519 2780 quum
1562 2699 1647 2760 ob
1688 2699 1967 2760 animum
2010 2717 2211 2781 egre·-

81 2777 208 2860 gie
249 2773 488 2836 vietum
531 2777 724 2856 legati
765 2777 1000 2860 gratias
1043 2793 1311 2860 agerent
1338 2821 1353 2852 ,
1443 2779 1829 2845 obstinatum
1871 2779 2201 2845 silentium
2296 2808 2352 2842 .·.

83 2854 406 2928 obtinuit,
450 2876 524 2916 ac
565 2857 706 2918 sine
745 2877 1065 2939 responso
1107 2879 1179 2919 ac
1221 2860 1548 2920 mentione
1588 2859 1742 2921 faeti
1797 2858 1895 2918 sui
1954 2859 2200 2942 legatos

91 2932 378 3006 dimisit,
417 2948 486 2996 ut
527 2936 884 3018 adpareret,
932 2936 1256 3020 insignem
1298 2938 1591 3001 dolorem
1632 2940 1880 3020 ingenti
1920 2942 2203 3021 compri-

85 3016 190 3076 mi
259 3015 492 3092 animp.
600 3017 898 3099 Papirius
961 3019 1030 3079 C.
1091 3019 1351 3080 Junium
1406 3007 1765 3082 Bubulcum
1828 3020 2203 3101 magistrum

89 3093 393 3186 equitum
423 3094 624 3189 flixit:
691 3111 884 3180 atque
927 3097 1010 3170 ei,
1053 3099 1116 3160 le
1165 3119 1266 3159 em
1308 3099 1614 3162 curiatam
1658 3099 1739 3160 de
1778 3097 2057 3182 imperio
2100 3100 2203 3163 fe·-

87 3186 276 3237 renu
299 3216 316 3245 ,
357 3188 548 3238 triste
592 3199 782 3242 omen
821 3179 994 3240 diem
1039 3177 1104 3238 di
1135 3178 1307 3254 fidit,
1416 3179 1545 3242 uod
1585 3179 1821 3244 Faucia
1860 3180 2037 3240 curia
2078 3179 2207 3242 fuit

91 3253 536 3338 principium,
618 3257 859 3321 duabus
913 3258 1184 3341 insignis
1239 3258 1403 3322 cladi
1450 3281 1526 3321 us
1544 3303 1561 3334 ,
1644 3271 1867 3342 captae
1906 3257 2097 3321 Urbis
2140 3272 2205 3323 et

93 3332 432 3400 Caudinae
471 3339 679 3418 pacis:
725 3338 899 3422 quod
939 3351 1213 3435 utroque
1255 3361 1425 3404 anno
1466 3337 1686 3405 eadem
1732 3339 1905 3402 curia
1926 3341 2029 3418 st)
2060 3339 2207 3402 fue·

93 3427 204 3476 rat
243 3415 657 3499 principium.
737 3424 958 3482 Macer
999 3420 1287 3482 Licinius
1330 3421 1519 3484 tertia
1562 3421 1751 3481 etiam
1793 3417 1996 3496 clade,
2042 3440 2207 3501 quae

93 3495 610 3636 iad-‘Cremeram
673 3513 932 3582 accepta
1003 3513 1104 3563 est
1125 3545 1144 3576 ,
1225 3500 1709 3564 abominandam
1766 3520 1905 3563 eam
1964 3500 2211 3564 curiam

127 3587 280 3636 aeit-

25 3731 35 3742 ⁰
265 3657 559 3721 xxxlx.
637 3662 935 3734 Dictator
985 3675 1252 3744 postero
1304 3661 1413 3724 die
1436 3706 1453 3735 ‚
1526 3681 1639 3723 aus
1688 3659 1829 3724 iciis
1880 3660 2201 3745 repetitis,

98 3737 372 3818 pertulit
412 3740 658 3823 legem3
729 3757 797 3805 et
835 3744 1168 3825 profectus
1209 3763 1357 3804 cum
1392 3681 1799 3838 legioniiius,
1872 3740 1951 3803 ad
1990 3757 2204 3806 terro·

100 3835 244 3879 rem
285 3817 562 3884 traducti
602 3823 831 3888 silvam
871 3822 1208 3888 Ciminiam
1278 3837 1603 3886 exercitus
1658 3841 1868 3904 nuper
1920 3821 2200 3903 scriptis,

171 3967 577 4122 *Lanatam
613 3987 785 4054 cm.
823 3992 979 4054 (ἔην.
1061 3996 1144 4062 *ἢ
1179 3995 1401 4068 ejusdem
1434 3993 1607 4044 curia
1637 3985 1808 4127 ουδὲ

244 4075 383 4131 um.
419 4075 470 4136 Ι.
1722 4083 1753 4128 2
