2534 4309
1166 1 1273 30 Ὺ--
1327 3 1362 5 -.
1401 3 1428 6 -
1481 3 1610 7 A.--

350 121 663 214 1³1³,ss
710 139 762 190 ι
856 110 984 188 IX.
1085 119 1140 186 C
1192 141 1236 184 Α
1288 138 1347 184 v.
1454 136 1559 201 ¹9·
1616 135 1733 184 no.
1792 134 1906 181 ιι.
2042 115 2182 192 1.ιὸ

108 310 206 384 tit,
249 321 661 391 avertetque3
717 302 927 368 modos·
951 304 1034 366 sit
1075 318 1427 388 perpetuus
1466 303 1681 390 hujus,
1726 325 1849 389 qua
1882 305 2183 380 sivimus,

108 389 290 471 pacis
329 409 512 450 amor
551 399 618 450 et
657 384 880 460 civilis
913 405 1062 446 cura
1103 384 1510 448 concordiae.

270 471 408 530 XX.
493 471 580 528 M.
636 465 893 527 Foslius
953 465 1355 530 Flaccinator
1411 464 1559 525 inde
1620 477 1687 526 et
1800 477 1875 537 U.
1910 497 1959 538 ο.
1997 481 2121 544 436.

107 553 186 610 1...
227 546 516 612 Plautius
556 546 787 610 Venno
829 547 1126 607 consules
1169 545 1341 620 facti.
1386 547 1483 606 Eo
1524 565 1691 606 anno
1811 565 1857 599 a.
1899 548 1961 606 C.
2002 550 2120 606 316.

111 629 189 690 ab
229 626 676 712 frequentibus
719 624 1094 686 Samnitium
1131 624 1393 706 populis
1438 623 1531 696 dev
1558 623 1827 691 foedere
1872 647 2193 689 renovan-

112 707 196 770 do
233 708 464 790 legati,
511 727 706 789 quum
745 719 1032 767 senatum
1071 704 1251 766 humi
1294 703 1472 766 strati
1515 705 1901 776 movissent,
1960 705 2190 785 rejecti

109 788 192 848 ad
231 789 542 870 populum
577 783 1058 868 haudquaquam
1096 798 1222 846 tam
1263 783 1560 846 efficaces
1587 784 1907 848 habebant
1936 805 2188 866 preces.

109 871 351 950 ltaque,
415 865 684 928 foedere
727 863 1080 946 negato'*)‚
1144 861 1439 934 induciae
1478 865 1761 941 biennii,
1831 887 2019 950 quum
2069 886 2192 947 per

106 947 354 1031 aliquot
395 946 532 1006 dies
573 944 948 1026 fatigassent
988 944 1275 1026 singulos
1319 944 1643 1026 precibus,
1688 946 2064 1028 inpetratae.
2108 948 2193 1007 Et

108 1047 194 1090 ex
247 1026 478 1102 Apulia
534 1028 904 1087 Teanenses
949 1024 1383 1108 Canusinique
1436 1025 1965 1119 populationibus
2005 1025 2187 1098 fessi,

107 1105 448 1168 obsidibus
487 1108 562 1165 L.
601 1103 853 1166 Plautio
897 1105 1144 1167 consuli
1188 1105 1383 1176 datis,
1448 1125 1517 1166 m
1560 1105 1955 1167 deditionem
1995 1127 2189 1169 vene-

101 1199 276 1248 runt.
377 1185 622 1262 Eodem
685 1204 850 1246 anno
969 1185 1201 1246 rimum
1271 1185 1583 1266 praefecti
1661 1188 1911 1266 Capuae
1986 1186 2195 1248 creari-

105 1265 350 1348 coepti,
390 1265 644 1348 legibus
685 1263 764 1324 ab
803 1267 877 1324 L.
961 1265 1107 1328 urio
1150 1279 1451 1346 praetore
1493 1261 1691 1325 datis:
1781 1285 1928 1332 uum
1950 1278 2192 1326 utrum..

105 1367 238 1429 que
295 1345 424 1427 ipsi
480 1365 604 1426 pro
658 1343 948 1406 remedio
989 1345 1200 1426 aegris
1259 1342 1458 1405 rebus
1512 1343 1731 1406 discor
1780 1344 1835 1403 ia
1892 1345 2194 1406 intestina

158 1425 448 1488 etissent·
532 1427 618 1487 Et
667 1422 827 1494 duae
879 1428 1120 1486 Romae
1163 1422 1413 1484 additae
1470 1422 1711 1498 tribus,
1775 1423 2075 1486 Ufentina
2118 1445 2192 1486 ae

101 1447 428 1568 galet-ina.
473 1504 799 1566 Inclinatis
827 1504 1026 1566 aemel
1055 1505 1122 1563 in
1153 1503 1383 1585 Apulia
1410 1503 1623 1574 rebuS,
1658 1507 1891 1566 Teates
1937 1497 2191 1586 q'uoque
2262 1575 2269 1582 ¹

101 1584 306 1666 Apuli
373 1585 452 1646 ad
513 1604 716 1648 novos
777 1584 1072 1646 consules
1131 1585 1198 1646 C.
1243 1583 1501 1645 Junium
1552 1585 1688 1644 Bu·
1806 1594 1875 1649 U.
1912 1615 1961 1654 c.
2003 1599 2121 1666 457.

101 1664 400 1735 bulcum,
472 1664 554 1752 Q.
614 1663 952 1729 Aemilium
1005 1664 1379 1736 Barbulam,
1445 1661 1696 1736 foedus,
1818 1682 1866 1717 a.
1902 1665 1965 1722 C.
2004 1667 2125 1722 325.

159 1745 386 1806 etitum
423 1756 776 1815 venerunt,
835 1743 1011 1824 pacis
1055 1764 1174 1824 per
1219 1763 1470 1805 omnem
1514 1745 1811 1826 Apuliam
1911 1757 2193 1806 raestan-

105 1848 126 1884 ‹
151 1843 228 1886 ae
271 1823 510 1906 populo
533 1826 820 1886 Romano
863 1838 1180 1885 auctores.
1224 1823 1293 1884 id
1336 1823 1633 1886 audacter
1674 1847 1836 1908 spon
1886 1823 2051 1884 endo
2095 1822 2195 1884 in-

157 1919 472 1972 etravere,
515 1916 586 1962 ut
613 1897 842 1964 foedus
876 1902 1169 1964 daretur:
1213 1925 1295 1964 nc
1386 1924 1423 1963 e
1456 1917 1527 1964 ut
1568 1926 1771 1988 aequo
1800 1920 2010 1967 tamen
2052 1903 2193 1966 foe-

149 2003 302 2056 ere,
362 1982 480 2043 sed
519 1995 592 2043 ut
633 1982 700 2042 in
757 1979 1001 2044 ditione
1045 1982 1274 2064 populi
1302 1924 1585 2044 qEuomani
1642 2000 1905 2048 essent.·
1962 1983 2199 2064 Apulia

99 2061 504 2144 perdomita,
551 2062 712 2139 (nam
754 2061 1040 2124 Forento
1101 2081 1359 2145 quoque
1414 2062 1623 2124 valido
1684 2063 1924 2154 oppido
1968 2062 2194 2124 Junius

101 2143 353 2224 potitus
397 2141 563 2216 erat)
605 2141 670 2208 in
715 2143 1008 2203 Lucanos
1049 2156 1439 2222 perrectum.
1498 2141 1649 2204 inde
1692 2143 2041 2227 repentino
2083 2143 2194 2204 ad-

103 2235 302 2284 ventu
345 2221 608 2282 Aemilii
647 2221 928 2282 consulis
965 2223 1272 2282 Nerulum
1317 2221 1383 2284 vi
1425 2234 1693 2302 captum.
1738 2229 1824 2288 Et
1862 2236 2197 2306 postquam

97 2323 210 2364 res
257 2301 508 2381 Capuae
553 2300 866 2362 stabilitas
909 2304 1192 2362 Romana
1235 2301 1577 2383 disciplina
1620 2304 1783 2366 fama
1822 2324 1943 2386 per
1984 2304 2197 2365 socios

99 2381 426 2461 vulgavit5
486 2379 848 2442 Antiatibus
895 2401 1188 2464 quoque,
1278 2382 1343 2444 ui
1384 2403 1457 2442 se
1497 2384 1639 2444 sine
1684 2385 1933 2466 legibus
1976 2382 2193 2454 certis,

99 2463 254 2525 sine
293 2459 768 2542 magistratibus
811 2481 1004 2541 agere
1049 2402 1511 2543 querebantur,
1559 2463 1688 2525 dati
1730 2465 1809 2538 ab
1852 2476 2077 2525 senatu
2114 2459 2199 2522 ad

101 2541 252 2622 jura
292 2538 624 2600 statuenda
665 2537 867 2620 ipsius
917 2541 1214 2602 coloniae
1304 2541 1549 2603 att-onie
1603 2565 1725 2606 nec
1766 2549 1935 2606 arma
1974 2541 2189 2617 modo,

100 2619 228 2684 sed
267 2616 410 2698 jura
452 2620 642 2681 etiam
689 2623 968 2680 Romana
1013 2622 1136 2682 late
1179 2643 1264 2701 po
1294 2620 1543 2682 lebant.³
1589 2619 1593 2623 ’

265 2701 434 2762 xm.
519 2701 590 2762 C.
620 2699 848 2760 Junius
879 2699 1204 2766 Bubulcus
1247 2714 1313 2762 et
1356 2697 1438 2794 (ἐξ
1466 2703 1680 2764 Aemi·
1798 2719 1870 2771 υ,
1907 2737 1951 2771 0,
2003 2719 2122 2780 433,

96 2781 232 2840 lius
274 2771 552 2840 Barbula
593 2779 887 2840 consules
932 2781 1104 2840 exitu
1155 2780 1304 2840 anni
1352 2803 1479 2842 non
1522 2803 1675 2844 con·
1796 2809 1841 2840 a.
1898 2787 1960 2845 C.
1999 2788 2119 2848 διὰ.

96 2858 352 2919 nulibus
395 2856 474 2920 ab
516 2879 585 2920 se
629 2859 897 2928 creada,
963 2861 1072 2940 Sp.
1117 2861 1347 2921 Nautio
1391 2877 1455 2924 et
1497 2867 1583 2922 M.
1630 2859 1911 2944 Popillio
1939 2908 1955 2939 ,
2016 2877 2192 2928 cete·

95 2959 246 3000 rum
289 2935 587 3000 dictatori
625 2940 702 3002 1..
745 2938 1024 3001 Aemilio
1069 2939 1361 3020 legiones
1404 2941 1825 3004 tradiderunt.
1906 2947 2001 3020 Is,
2047 2965 2192 3008 cum

93 3023 174 3080 L.
221 3017 456 3080 Fulvio
497 3018 807 3096 magistro
867 3019 1147 3102 equitum
1191 3021 1531 3082 Saticulam
1586 3023 1959 3104 obpugnare
2002 3023 2191 3086 ador-

96 3112 241 3170 tus,
299 3097 655 3160 rehellandi
697 3116 974 3158 caussam
1017 3099 1408 3164 Samnitibus
1465 3100 1662 3164 dedit.
1742 3105 1997 3186 Duplex
2040 3105 2193 3164 inde

97 3191 325 3240 terror
377 3177 608 3239 inlatus
659 3177 983 3237 Romanis.
1061 3177 1212 3240 hinc
1265 3179 1552 3254 Samnis,
1611 3203 1839 3266 magno
1903 3184 2193 3246 exercitu

97 3271 331 3320 coacto
375 3255 454 3316 ad
495 3255 865 3319 eximendos
909 3255 1247 3320 obsidione
1291 3260 1536 3334 socios,
1596 3261 1763 3322 haud
1819 3263 2044 3343 procul
2089 3282 2193 3324 ca-

105 3337 265 3399 stri·
311 3337 736 3398 Romanorum
797 3351 998 3418 castra
1054 3338 1306 3418 posuitz
1366 3339 1519 3402 binc
1562 3341 1911 3404 Saticulani
1962 3363 2195 3424 magno

101 3423 251 3478 cum'
293 3417 580 3490 tumultu,
625 3416 960 3500 patefactis
1003 3432 1274 3498 repente
1316 3419 1546 3500 portis,
1593 3421 1658 3482 in
1701 3421 2007 3484 stationes
2034 3421 2189 3486 lios·

101 3497 268 3558 tium
313 3495 744 3558 incurrerunt.
828 3495 982 3556 Inde
1027 3515 1173 3576 pars
1215 3511 1517 3580 utraque,
1574 3521 1690 3582 ape
1750 3500 1946 3562 alieni
1986 3503 2188 3597 magia

95 3575 347 3645 auxilii,
396 3597 579 3658 quam
619 3576 866 3637 viribus
907 3575 1071 3637 freta
1113 3577 1282 3649 suis,
1328 3579 1495 3656 justo
1538 3601 1685 3642 mox
1726 3583 1980 3662 proelio
2024 3583 2189 3643 inno

96 3657 430 3719 Romanos
470 3669 768 3738 urguent.
831 3671 916 3730 et,
961 3676 1333 3742 quamquam
1374 3679 1611 3740 anceps
1656 3659 1981 3724 dimicatio
2027 3674 2184 3733 erat,

97 3749 316 3798 tamen
359 3736 677 3819 utrimque
717 3748 912 3799 tutam
949 3735 1151 3798 aciem
1179 3735 1453 3800 dictator
1490 3735 1751 3821 habuit;
1795 3741 1941 3824 quia
1984 3754 2050 3802 et
2085 3741 2182 3801 lo·

175 3905 234 3970 ⁸)
269 3903 334 3956 do
347 3903 566 3978 foeda-e
597 3915 832 3976 negatum
867 3901 1036 3956 Gron.
1072 3901 1227 3959 Crev-

573 4075 596 4106 Ι
