2534 4309
364 154 1047 257 ·Ltsuu.11
1160 168 1419 245 Gar.
1515 165 1814 258 4450.
2041 188 2130 255 97

118 372 354 435 poscant,
394 358 549 420 haec
591 356 866 424 Volscos
908 358 1057 434 sibi,
1100 356 1211 419 illa
1249 356 1545 443 Aequos}
1588 358 1830 441 populo
1854 360 2139 439 Romano

118 438 457 521 tranquillam
497 458 719 520 pacem
758 453 1011 521 agente,
1056 460 1278 501 omnes
1319 438 1629 501 finitimos
1673 440 1886 523 subigi
1927 460 2138 522 popu·

116 516 197 579 los
228 539 419 598 posse.
498 518 684 581 Fabii
723 532 989 600 postero
1017 518 1083 599 *)
1136 519 1245 580 die
1287 540 1458 580 arma
1497 519 1774 601 capiunt.
1817 538 1943 603 quo
1976 518 2142 601 iussi

116 610 281 671 erant,
316 599 717 663 conveniunt.
798 599 1059 674 Consul,
1100 598 1428 683 paludatus
1472 600 1836 682 egrediens,
1883 601 1952 660 in
1991 621 2141 663 ves·-

114 674 283 739 tibulo
335 694 584 761 gentem
625 699 877 741 omnem
918 700 1095 742 suam
1134 679 1446 741 instructo
1488 678 1740 761 agmine
1779 676 1977 743 videt.
2035 701 2143 743 ac-

116 772 299 838 ceptus
311 760 373 819 in
390 759 689 833 medium,
706 756 885 843 signa
906 759 1069 821 ferri
1082 758 1277 840 iubet.
1320 762 1672 843 Numquam
1691 760 2014 849 exercitus
2027 782 2144 825 ne-

116 856 216 919 que
232 838 420 903 minor
434 860 727 913 numero,
754 860 962 923 neque
976 838 1215 901 clarior
1230 839 1394 900 fama
1417 855 1480 903 et
1497 839 1916 902 admiratione
1933 840 2144 902 homi-

113 937 249 989 num,
283 940 395 1001 per
412 920 639 983 urbem
663 920 947 983 incessit.
992 920 1118 982 Sex
1139 932 1202 982 et
1221 920 1491 983 trecenti
1505 920 1767 993 milites,
1793 942 2012 983 omnes
2031 942 2144 1003 pa-

116 996 507 1071 tricii,omues
540 1001 740 1062 unius
826 1000 1016 1075 entis,
1062 1016 1332 1085 quorum
1371 1000 1696 1063 neminem
1713 999 1936 1063 ducem
1961 1022 2145 1083 sper·

114 1093 267 1142 neret
327 1078 625 1165 egregius
690 1083 800 1175 qui
834 1080 1083 1151 ,uslibet
1134 1080 1530 1163 temporibus
1584 1094 1870 1156 senatus,
1949 1082 2146 1157 ibant,

118 1158 266 1221 unius
302 1159 574 1223 familiae
616 1160 863 1225 viribus
881 1160 1143 1240 Veienti
1188 1162 1195 1171 '
1231 1162 1425 1245 opulo
1463 1173 1714 1245 pestem
1754 1161 2147 1225 minitantes.

118 1236 469 1323 Sequebatur
520 1238 733 1317 turba,
818 1243 1084 1325 propria
1151 1180 1274 1301 aiis
1334 1255 1746 1324 cognatorum
1804 1240 2149 1305 sodalium·

118 1336 243 1399 que,
303 1321 462 1383 nihil
516 1320 828 1395 medium,
871 1340 992 1384 nec
1051 1341 1279 1403 spem,
1351 1342 1474 1385 nec
1548 1342 1796 1396 curam,
1866 1321 1982 1385 sed
2049 1324 2150 1385 in-

118 1416 292 1463 mensa
350 1400 559 1463 omnia
599 1402 991 1463 volventium
1030 1402 1241 1463 animo
1263 1423 1290 1479 3.
1363 1402 1484 1463 alia
1542 1402 1831 1487 publiea,
1903 1404 2152 1466 sollici-

115 1477 295 1542 tudine
338 1482 637 1551 excitata,
680 1480 902 1544 favore
945 1494 1011 1558 et
1052 1480 1818 1566 admirationelstupenst
1899 1484 1986 1543 ire
2001 1488 2153 1563 for-

118 1562 191 1626 les,
224 1560 301 1619 ire
318 1562 521 1639 felices
560 1558 807 1643 iubent,
866 1562 1104 1642 inceptis
1142 1572 1372 1622 eventus
1408 1583 1575 1642 pares
1601 1564 1858 1623 *reddere
1871 1590 1889 1623 .·
1941 1583 2156 1625 consu,-

114 1636 233 1699 latus
266 1640 396 1701 inde
434 1655 508 1701 uc
549 1640 891 1723 triumphos,
932 1640 1138 1702 omnia
1170 1642 1434 1721 praemia
1472 1644 1546 1701 ab
1583 1662 1676 1715 se,
1729 1664 1926 1704 omnes
1964 1646 2158 1705 hono-

116 1736 184 1777 τω
235 1740 469 1797 sperare.
581 1722 1148 1785 Praetereuntibus
1222 1722 1610 1804 Capitolium
1680 1744 2022 1809 arcemque
2090 1738 2162 1787 et

117 1796 213 1857 alia
248 1802 511 1885 templa,
579 1800 893 1889 quidquid
932 1804 1221 1864 Deorum
1285 1802 1528 1877 oculis,
1593 1802 1903 1888 quidquid
1943 1804 2160 1867 animo

115 1876 381 1957 obcurrit,
425 1896 795 1964 precantur,
838 1896 910 1944 ut
947 1882 1104 1945 illud
1145 1903 1376 1979 agmen
1415 1882 1692 1945 faustum
1747 1896 1938 1967 atque
1996 1884 2161 1948 felix

114 1955 337 2035 mittant,
378 1963 664 2059 sospites
704 1962 891 2025 brevi
915 1962 1001 2024 'in
1090 1976 1315 2026 atnam
1355 1962 1437 2024 ad
1461 1975 1762 2046 parentes
1793 1964 2160 2030 restituant.

112 2038 395 2103 Incassum
436 2064 679 2105 missae
718 2063 969 2125 preces.
1082 2043 1310 2107 nfelici
1352 2044 1453 2106 via
1499 2042 1725 2105 dextro
1782 2048 1945 2107 Jano
2003 2066 2162 2128 por·

112 2129 197 2211 tae
229 2122 641 2185 Carmentalis
708 2122 1030 2205 profecti,
1095 2125 1580 2187 ad·Cremeram
1633 2118 1872 2187 ssumen
1922 2144 2162 2207 perve-

110 2214 281 2263 munt.
322 2200 373 2265 is
418 2216 821 2287 opportunus
863 2204 1037 2266 visus
1076 2204 1255 2267 locus
1297 2204 1787 2266 communiendo
1803 2204 2164 2287 praesidio.
2496 2260 2501 2279 ⁴

112 2278 174 2337 L.
208 2281 507 2346 Aemilius
546 2280 701 2345 iude
745 2297 810 2347 et
865 2286 936 2347 C.
980 2284 1298 2349 Servilius
1353 2285 1654 2346 consules
1802 2298 1877 2357 U,
1913 2318 1962 2358 c,
2003 2302 2124 2373 ²7⁵·
2183 2352 2196 2360 ,
2248 2299 2374 2417 U
2376 2292 2384 2299 '
2497 2336 2502 2353 .

110 2354 254 2423 faeti.
294 2366 395 2438 Et,
439 2363 653 2427 donec
695 2363 859 2427 nihil
900 2362 1075 2426 aliu'd
1118 2387 1306 2449 quam
1345 2364 1414 2426 in
1448 2384 1655 2446 popu·
1801 2388 1849 2422 a.
1887 2368 1950 2421 C.
1989 2370 2111 2433 4⁷⁶·
2373 2317 2502 2429 Ea.

110 2436 419 2515 lationibus
479 2464 591 2506 res
648 2443 793 2519 fuit,
855 2464 985 2507 non
1027 2446 1105 2507 ad
1148 2444 1542 2527 praesidium
1596 2445 1789 2508 modo
1840 2444 2169 2513 tutandum
2184 2477 2426 2581 vm...
2451 2470 2490 2515 f

112 2516 269 2583 Fabii
308 2526 461 2588 satis
507 2538 711 2601 erant,
755 2522 875 2588 sed
912 2538 1045 2587 tota
1084 2525 1378 2608 regione,
1424 2546 1546 2608 qua
1563 2528 1812 2589 Tuscus
1853 2546 2010 2609 ager
2030 2530 2168 2588 Ro·
2334 2555 2402 2595 υ
2495 2538 2501 2565 ⁴

112 2618 265 2666 mano
302 2604 572 2687 adiacet,
618 2626 731 2667 sua
770 2618 901 2667 tuta
942 2607 1189 2679 omnia,
1233 2606 1472 2669 infesta
1508 2604 1819 2680 hostium,
1865 2620 2168 2691 vagantes
2213 2610 2468 2685 W,

38 2686 48 2695 ’
104 2680 213 2757 §er
245 2698 584 2769 utrumque
635 2684 864 2757 finem,
944 2684 1189 2749 fecere.
1273 2686 1680 2748 Intervallum
1723 2686 1958 2748 deiude
1998 2686 2170 2749 haud

112 2778 370 2844 magnum
408 2764 939 2847 populationibus
981 2766 1143 2828 fuitt
1185 2766 1337 2828 dum
1379 2779 1446 2828 et
1485 2765 1813 2846 Veientes,
1858 2764 2070 2830 adcito
2089 2786 2171 2829 ex

114 2838 340 2907 Etruria
382 2844 675 2909 exercitu
692 2888 715 2917 ,
793 2847 1189 2929 praesidium
1226 2848 1569 2911 Cremerae
1624 2846 2031 2931 obpugnant3
2103 2860 2173 2911 et

114 2918 403 2988 Romanae
445 2925 767 3009 legiones,
812 2924 891 2989 ab
932 2928 1011 2991 L.
1054 2927 1336 2989 Aemilio
1365 2928 1647 2991 Consule
1689 2926 2014 3003 adductae,
2060 2948 2170 2991 co-

113 3000 293 3065 minus
332 3026 477 3068 cum
518 3006 808 3069 Etruscis
853 3006 1155 3071 dimicant
1196 3008 1335 3069 acie
1422 3028 1799 3092 quamquam
1859 3008 1966 3071 vix
2006 3007 2170 3069 diri-
2217 3002 2251 3129 ι
2345 3066 2360 3083 ,
2448 3075 2450 3077 ,

114 3082 281 3161 gendi
319 3086 525 3149 aciem
570 3086 846 3169 spatium
884 3052 1449 3167 Veientibus-lim<
1493 3088 1658 3151 adeo
1701 3088 1874 3151 inter
1899 3086 2172 3170 primam

110 3163 609 3245 trepidationem,
654 3165 801 3227 dum
841 3180 990 3249 post
1028 3168 1211 3251 signa
1255 3168 1520 3231 ordines
1563 3168 1915 3244 introeunt,
1959 3154 2359 3259 ειιὴείᾴώ
2375 3152 2502 3303 ffi

112 3236 313 3327 dinque
350 3248 593 3319 locant,
636 3245 883 3311 invecta
924 3246 1142 3321 subito
1184 3246 1263 3309 ab
1304 3248 1509 3311 latere
1549 3250 1832 3311 Romana
1887 3247 2175 3333 equitnm
2495 3300 2502 3320 .

106 3319 205 3411 8113,
242 3346 371 3388 non
411 3346 669 3409 pugnae
706 3326 899 3389 modo
940 3327 1369 3411 incipiendae,
1414 3326 1532 3389 sed
1551 3328 1973 3406 consistendi,
2020 3328 2172 3392 ade·
2371 3330 2502 3423 ,γυ

108 3414 209 3463 mit
243 3406 477 3468 locum.
562 3409 692 3479 Ita,
752 3406 881 3469 susi
923 3422 1103 3471 retro
1142 3407 1222 3469 ad
1265 3428 1412 3469 saxa
1452 3408 1707 3483 Rubra,
1781 3410 1908 3487 (ibi
1967 3424 2135 3474 castr
2463 3418 2502 3447 ⁴¹⁴

105 3477 431 3567 habebant)
474 3506 701 3568 pacem
740 3488 1065 3570 supplices
1154 3501 1350 3551 etunt.
1433 3486 1629 3569 Cuius
1673 3490 2048 3571 inpetratae,
2091 3490 2176 3552 ab
2214 3550 2235 3577 0

104 3560 275 3627 insita
313 3564 549 3629 animis
592 3566 870 3642 levitate,
914 3582 1060 3631 ante
1103 3510 1445 3631 deductum
1484 3570 1786 3633 Cremera
1821 3574 2176 3633 Romanum
2205 3592 2232 3649 t

106 3646 506 3721 praesidium,
551 3648 895 3728 poenituit.
945 3661 949 3666 ’
1917 3656 1926 3669 “
2171 3632 2502 3692 “a“

246 3728 319 3787 L.
360 3728 620 3789 Rursus
662 3748 803 3791 eum
845 3726 1065 3793 Fabiis
1107 3742 1247 3792 erat
1266 3726 1530 3807 Veienti
1571 3728 1834 3812 populo,
1881 3728 2022 3793 sine
2041 3731 2174 3795 ullo

108 3802 345 3884 maioris
385 3806 553 3871 belli
596 3807 921 3891 adparatu,
963 3822 1318 3875 certamen:
1387 3826 1510 3872 nec
1548 3825 1732 3874 erant
1771 3810 2176 3874 incursiones
2199 3866 2226 3883 ,

2287 3308 2318 3333 O

2386 3466 2502 3503 m

172 3951 223 4017 ⁵)
250 3954 474 4008 Poeta-a
505 3952 683 4013 Gron.
722 3954 873 4011 Cre-e.
1000 3992 1007 4001 ·

220 4038 411 4097 uuus.
484 4038 531 4099 1.
1750 4070 1783 4133 7
