2534 4309
326 51 460 128 348
657 15 1309 126 LIBER.‘UL
1412 57 1667 126 Car.
1772 54 2049 148 37.58.

329 237 656 301 Valerium
687 243 1056 315 consulem,
1117 259 1307 326 opem
1349 257 1623 316 oratum,
1662 243 1946 305 veniunt.
2034 241 2373 305 Confestim

327 320 506 400 signa
565 333 762 381 mota:
831 323 1200 404 relictisque
1266 323 1715 404 inpedimentis
1784 335 2141 384 castrorum
2196 321 2379 386 valido

327 397 672 478 praesidio,
715 401 944 482 raptim
982 403 1190 484 agitur
1229 423 1651 486 agmenzmec
1688 401 1913 484 procul
1952 402 2031 462 ah
2074 401 2269 463 hoste
2306 402 2377 460 lo·

327 497 469 538 cum
516 479 935 561 perexiguum
985 481 1086 558 (ut
1128 483 1388 562 quibua,
1450 495 1709 564 praeter
1746 500 1979 560 equos,
2036 495 2375 542 octonorum

327 555 748 636 jumentorum
817 561 1231 642 calonumque
1308 562 1491 622 turba
1520 618 1528 626 .
1557 561 1837 636 abesset)
1909 561 2143 621 castris
2212 561 2375 640 cepit.

327 637 700 699 Samnitium
745 639 1082 712 exercitus,
1127 643 1308 703 velut*
1324 639 1488 707 haud
1529 642 1652 702 ulla
1692 661 1867 701 mora
1896 658 2151 722 pugnae
2194 640 2375 700 sutura
2430 681 2432 702 .

325 729 524 792 esset,
591 717 792 778 aciem
859 719 1149 780 instruit}
1212 719 1487 794 deinde,
1538 731 1871 800 postquam
1926 739 2119 779 nemo
2174 719 2375 779 obvius

325 794 490 869 ibat,
554 796 805 857 infestis
859 799 1062 880 signis
1117 799 1198 859 ad
1247 812 1452 862 castra
1508 798 1785 860 hostium
1838 796 2144 858 succedit.
2204 797 2293 856 ihi
2324 809 2375 854 ut

325 873 592 937 militem
635 875 702 936 in
741 877 908 938 vallo
947 877 1138 950 vidit,
1197 878 1504 960 missique
1547 878 1625 938 ab
1666 877 1839 938 omni
1882 889 2061 956 parte
2102 875 2373 955 explora-

325 966 456 1014 tum
480 998 496 1030 ‚
560 975 743 1036 quam
781 957 850 1014 in
894 957 1186 1039 exiguum
1241 957 1463 1018 orbem
1514 968 1831 1017 contracta
1892 967 2095 1015 castra
2156 967 2373 1024 essent,

325 1033 698 1113 paucitatem
745 1033 897 1095 inde
925 1034 1200 1098 hostium
1235 1035 1633 1118 colligentes,
1678 1035 2068 1110 retulerunt;
2114 1033 2377 1094 fremere
2432 1089 2434 1108 2

327 1112 534 1172 omnis
575 1114 767 1188 acies,
813 1114 1217 1194 complendas
1252 1135 1397 1176 esse
1430 1114 1635 1174 fossas
1678 1110 2226 1198 scindendumque
2264 1111 2375 1171 val·
2432 1111 2434 1158 ἷ

273 1211 284 1220 ·
325 1191 476 1266 lum,
520 1204 584 1252 et
627 1192 692 1252 in
735 1207 937 1254 castra
977 1192 1483 1274 inrumpendam.
1528 1195 2031 1271 transactumque
2076 1213 2152 1254 ea
2194 1205 2373 1251 teme·

324 1270 510 1332 ritate
551 1269 787 1332 bellum
824 1271 1025 1345 foret,
1093 1271 1161 1331 ni
1203 1272 1397 1333 duces
1438 1270 1898 1333 continuissent
1948 1270 2237 1350 inpetum
2276 1269 2377 1327 mi,

324 1349 526 1410 litum.
587 1354 914 1424 Ceterum,
959 1353 1104 1434 quia
1147 1349 1477 1412 multitudo
1521 1370 1630 1411 sua
1669 1349 2123 1411 commeatibus
2162 1349 2374 1432 gravis,
2434 1403 2436 1432 1

325 1441 392 1489 et
440 1428 618 1509 prius
670 1430 954 1492 sedendo
1008 1429 1088 1490 ad
1129 1431 1522 1504 Suessulam,
1596 1441 1661 1489 et
1700 1441 1833 1488 tum
1863 1427 1963 1504 Η)
2026 1426 2371 1490 certaminis

325 1519 533 1580 mora,
577 1508 744 1568 haud
827 1510 1006 1569 rocul
1047 1509 1124 1569 ab
1167 1529 1385 1570 rerum
1424 1507 1705 1570 omnium
1746 1507 1961 1590 inopia
2002 1521 2213 1583 esset;
2258 1507 2369 1588 pls·

324 1585 476 1658 cuit,
521 1585 666 1646 dum
701 1586 804 1648 in'c
831 1607 978 1648 usus
1003 1602 1266 1680 paveret
1306 1588 1530 1660 hostis,
1574 1585 2021 1648 frumentatum
2052 1607 2174 1668 per
2200 1605 2373 1668 agros
2436 1644 2438 1694 A

323 1662 588 1724 militem
632 1665 794 1726 duci.
850 1665 1108 1728 interim
1149 1681 1214 1728 et
1251 1671 1560 1740 Romano,
1644 1667 1752 1748 qui
1796 1667 2149 1748 expeditus,
2192 1685 2375 1747 quant
2437 1703 2438 1754 ;

324 1755 456 1802 tum
495 1743 774 1806 humeris
815 1739 987 1808 inter
1026 1767 1195 1806 arma
1235 1745 1375 1830 geri
1416 1757 1633 1828 posset
1672 1747 1998 1819 frumenti,
2040 1765 2253 1808 secum
2274 1743 2375 1804 ad·
2436 1761 2438 1806 1

322 1821 593 1898 tulisset,
638 1823 924 1886 defutura
965 1826 1195 1886 omnia.
1250 1827 1487 1888 Consul
1526 1825 1765 1905 palatos
1808 1845 1927 1906 per
1966 1845 2157 1906 agros
2194 1845 2371 1904 quum

323 1899 594 1964 vidisset
643 1903 894 1977 hostes,
954 1905 1258 1966 stationes
1310 1905 1748 1986 infrequentes
1809 1904 2065 1966 relictas
2088 1948 2105 1974 .‚
2166 1903 2371 1984 paucis

323 1980 558 2044 milites
615 1982 1011 2058 adhortatus,
1081 1985 1160 2044 ad
1223 1999 1425 2045 castra
1493 1983 1909 2065 obpugnanda
1965 1982 2158 2044 ducit.
2220 2001 2372 2062 quae

325 2077 512 2154 quum
533 2061 740 2156 primo
769 2063 1044 2125 clamore
1087 2077 1273 2146 atque
1312 2064 1529 2145 inpetu
1567 2065 1864 2143 cepisset,
1950 2061 2194 2124 lui-ibus
2230 2061 2369 2124 hos·
2438 2102 2440 2142 ἐ

243 2167 251 2172 ·
324 2153 480 2200 tium
537 2163 603 2200 m
660 2141 950 2204 tentoriis
1007 2143 1176 2220 suis,
1222 2164 1403 2224 quam
1450 2142 1516 2202 in
1600 2143 1757 2204 ortis
1800 2143 1895 2204 val
1926 2162 2114 2224 oque,
2158 2142 2369 2208 caesis,
2439 2155 2440 2188 1

324 2219 505 2300 signa
543 2241 615 2280 ca
661 2221 786 2283 tiva
828 2221 896 2282 in
935 2242 1129 2283 unum
1167 2223 1376 2286 locum
1420 2243 1541 2284 con
1575 2221 1706 2296 erri
1748 2220 1967 2298 jussit3
2012 2220 2375 2302 relictisque
2439 2239 2440 2274 1

324 2297 561 2360 duabus
647 2299 979 2382 egionibus
1039 2303 1364 2364 custodiae
1417 2315 1482 2364 et
1537 2301 1844 2384 praesidii
1896 2321 2145 2374 caussa,
2250 2299 2371 2360 ravi

323 2377 534 2440 edicto
577 2379 858 2454 monitis,
899 2393 1000 2452 ut,
1043 2380 1247 2442 donec
1291 2381 1429 2464 ipse
1471 2380 1867 2453 revertisset,
1910 2379 2149 2462 praeda
2184 2402 2217 2442 a
2264 2381 2377 2441 sti-

321 2471 550 2520 nerent
568 2481 586 2536 3
657 2458 984 2539 profectus
1034 2461 1284 2540 agmine
1338 2461 1675 2532 instructo,
1742 2479 1929 2540 quum
1992 2459 2375 2541 praemissus

321 2555 518 2617 eques
559 2539 731 2618 velut
770 2537 1070 2620 indagine
1095 2539 1433 2622 dissipatos
1478 2539 1790 2602 Samnites
1834 2552 2074 2620 ageret,
2122 2539 2375 2602 caedem

321 2614 648 2698 ingentem
689 2617 865 2696 fecit,
932 2620 1079 2680 nam'
1115 2639 1325 2701 neque
1384 2641 1509 2702 quo
1549 2619 1733 2700 signo
1784 2621 2035 2681 coirent
2074 2619 2247 2680 inter
2284 2640 2373 2688 se,

317 2715 547 2776 neque,
588 2711 796 2758 utrum
837 2712 1036 2759 castra
1077 2712 1406 2780 peterent,
1452 2719 1529 2760 an
1567 2698 1927 2780 longiorem
1972 2698 2375 2761 intenderent

315 2773 528 2858 fugam
547 2819 564 2848 ‚
625 2775 870 2839 territis
912 2791 1206 2839 constare
1259 2777 1555 2861 poterat.'
1614 2781 2009 2862 Tantumque
2066 2778 2259 2860 fugae
2306 2797 2371 2836 ac

183 2871 192 2880 ’
295 2854 680 2919 formidinis
722 2855 874 2930 fuit,
933 2871 1004 2919 ut
1041 2857 1118 2920 ad
1159 2859 1566 2943 quadraginta
1608 2857 1804 2918 millia
1856 2871 2206 2933 scutorum,
2262 2877 2375 2918 ne-

317 2953 626 3018 quaquam
665 2949 762 2998 tot
801 2937 1040 3012 caesis,
1097 2951 1160 2999 et
1199 2940 1377 3021 signa
1419 2937 1713 3000 militaria
1752 2957 1894 2999 eum
1936 2938 2054 3010 iis,
2108 2958 2269 3021 quae
2310 2937 2373 2996 in

315 3015 539 3076 castris
591 3029 765 3098 capta
807 3031 1017 3093 erant,
1074 3019 1153 3080 ad
1193 3031 1445 3082 centum
1486 3019 1877 3112 septuaginta
1931 3017 2007 3077 ad
2050 3019 2375 3082 consulem

227 3167 239 3172 -
315 3091 741 3156 deferrentur.
840 3103 1003 3158 Tum
1056 3099 1124 3159 in
1175 3112 1378 3162 castra
1428 3097 1709 3161 hostium
1762 3096 2077 3159 reditum:
2158 3097 2373 3179 ibique

311 3174 519 3234 omnis
561 3177 792 3256 praeda
832 3177 1020 3238 militi
1061 3180 1218 3242 data.

471 3255 816 3318 XXXVIII.
916 3257 1122 3338 Hujus
1185 3258 1544 3321 certaminis
1622 3259 1877 3320 fortuna
1938 3270 2004 3319 et
2064 3255 2370 3326 Faliscos,

313 3348 502 3412 quum
547 3334 610 3396 i‘n
663 3335 940 3402 induciis
985 3351 1230 3412 essent,
1292 3338 1518 3400 foedus
1559 3352 1781 3420 petere,
1838 3338 1918 3399 ab
1960 3347 2215 3422 senatu⁸
2227 3341 2372 3397 coe-

307 3409 436 3490 git3
491 3425 554 3473 et
595 3417 880 3492 Latinos,
921 3418 1047 3498 jam
1087 3417 1474 3480 exercitibus
1506 3417 1923 3516 comparatis,
1966 3417 2043 3478 ab
2086 3419 2371 3480 Romano

307 3489 378 3548 in
419 3489 752 3573 Pelignum
806 3497 996 3560 vertit
1049 3498 1305 3562 bellum.
1388 3501 1610 3582 Neque
1664 3512 1748 3560 ita
1795 3497 1894 3559 rei
1949 3509 2169 3580 gestae
2208 3495 2374 3558 fama

305 3568 520 3629 ltaliae
563 3592 634 3635 se
676 3571 906 3638 finibus
947 3578 1187 3641 tenuit=
1232 3579 1351 3642 sed
1392 3579 1942 3661 Carthaginienses
1986 3595 2243 3658 quoque
2284 3575 2375 3636 le·

307 3660 487 3725 &⁸1⁰⁸
539 3653 907 3732 gratulatum
965 3661 1231 3722 Romam
1306 3659 1543 3722 misere
1612 3679 1755 3722 cum
1806 3675 2085 3721 coronae
2138 3673 2375 3719 aureae

369 3811 424 3880 ³)
457 3827 574 3870 tuns
611 3817 780 3881 Gron.
819 3823 971 3882 (ἐι-ον.
