2534 4309
567 134 1736 256 annnln.ci1>.38.
1989 138 2174 261 ‘141

90 376 157 435 in
202 394 433 459 agrum
474 376 829 435 Romanum
869 371 1111 437 fecere.
1153 371 1406 456 lateque
1447 372 1766 455 populati,
1830 394 2024 458 quum
2063 372 2184 437 ho-

86 456 336 515 minum
375 468 567 537 atque
618 452 941 535 pecudum
978 452 1161 515 inulti
1203 452 1487 535 apraedas
1531 455 1850 537 egissent,
1911 463 2062 517 rece
2117 469 2184 517 to

86 538 163 597 ad
184 540 479 607 Eretum,
524 533 699 617 quod
729 535 963 615 passim
1005 547 1291 616 vagatum
1333 548 1490 607 erat,
1533 537 1804 617 agmine,
1849 550 2053 597 castra
2114 556 2184 598 o-

90 630 272 688 cant,
334 635 515 696 spem
554 616 628 674 in
669 612 987 677 discordia
1027 618 1310 675 Romana
1351 629 1706 695 ponentes,
1751 634 1888 677 eam
1930 614 2184 696 inpedi-

86 710 379 757 mentum
440 692 721 756 delectui
762 693 928 757 fore.
1010 698 1155 756 Non
1196 694 1408 755 nuntii
1449 696 1688 771 solum,
1748 696 1865 758 sed
1905 716 2027 777 per
2076 718 2184 757 ur-

88 778 240 837 bem
303 776 653 858 agrestium
720 775 867 857 fuga
936 773 1434 857 trepidationem
1489 775 1732 855 injecit.
1815 776 2188 839 Decemviri

84 857 504 929 consultant,
562 854 717 939 quid
770 876 809 917 o
856 875 930 917 us
972 855 1139 919 facto
1182 855 1314 917 sit-⁸
1349 855 1672 919 destitutis
1713 856 1884 917 inter
1921 860 2188 917 Patrum

88 954 155 1000 et
180 936 403 1019 plebis
436 934 581 997 odia
626 933 775 997 addi
822 950 871 998 it
896 933 963 1011 ⁸¹)
1004 945 1322 997 terror'em
1365 936 1510 995 insu
1561 957 1642 997 er.
1673 936 1864 997 alium
1904 935 2185 1000 fortuna.

88 1017 308 1101 Aequi
363 1016 485 1077 alia
530 1038 609 1078 ex
648 1028 829 1097 parte
873 1030 1076 1078 castra
1130 1016 1198 1075 in
1238 1014 1477 1096 Algido
1545 1030 1766 1079 ocant:
1834 1016 2186 1098 depopula-

88 1114 357 1181 tumque
402 1094 555 1158 inde
610 1096 1095 1159 excursionibus
1138 1096 1570 1157 Tusculanum
1611 1118 1835 1178 agrum
1873 1096 2069 1179 legati
2109 1096 2188 1156 ab

90 1178 415 1251 Tusculo,
460 1175 855 1259 praesidium
898 1190 1174 1249 orantes,
1216 1176 1528 1249 nuntiant.
1611 1180 1672 1237 Is
1713 1198 1914 1258 pavor
1949 1197 2188 1257 perpu-

88 1260 163 1319 lit
200 1258 309 1335 ἢ)
352 1258 770 1329 decemviros,
813 1271 884 1318 ut
917 1268 1224 1329 senatum,
1271 1256 1455 1319 simul
1492 1254 1738 1318 duobus
1774 1258 2188 1321 circumstan-

86 1340 267 1400 tibus
306 1337 537 1399 urbem
578 1336 787 1410 bellis,
833 1336 1261 1400 consulerent.
1335 1336 1536 1398 Citari
1577 1336 1801 1417 jubent
1842 1337 1908 1397 in
1949 1337 2188 1399 curiam

88 1424 363 1491 Patres,
424 1416 595 1479 haud
634 1417 873 1499 ignari,
918 1430 1151 1500 quanta
1191 1414 1467 1481 invidiae
1494 1417 1857 1485 'inmineret
1907 1432 2186 1500 tempes-

85 1516 223 1561 tas:
310 1518 533 1561 omnes
590 1502 816 1561 vastati
886 1498 1026 1581 agri
1098 1498 1664 1580 periculorumque
1739 1498 2186 1560 inminentium

86 1600 348 1643 mussas
390 1579 459 1638 in
502 1597 572 1639 se
610 1591 1062 1659 congesturos,
1104 1577 1646 1672 tentationemque
1681 1597 1819 1639 eam
1859 1578 2002 1642 fore
2035 1578 2185 1639 abo-

90 1660 277 1722 lendi
324 1658 452 1721 sibi
492 1659 916 1741 magistratus,
958 1658 1027 1718 ni
1068 1664 1389 1742 consensu
1431 1672 1830 1731 resisterent,
1875 1658 2184 1741 imperio-

86 1762 219 1823 que
264 1737 625 1801 inhibendo
682 1739 919 1800 aeriter
974 1740 1043 1799 in
1088 1750 1334 1819 paucos
1381 1738 1782 1817 praeferocis
1839 1739 2034 1799 animi
2075 1759 2183 1801 co·

88 1837 277 1883 natus
333 1821 603 1881 aliorum
660 1820 1179 1900 comprimerent.
1272 1822 1620 1903 Postquam
1669 1817 1880 1880 audita
1935 1840 2061 1881 vox
2115 1820 2186 1880 in

92 1902 243 1963 soro
289 1914 389 1975 est
426 1899 800 1981 praeconis,
842 1903 1067 1961 Patres
1110 1899 1179 1958 in
1222 1898 1464 1959 curiam
1503 1896 1585 1958 ad
1625 1897 2025 1962 decemviros
2067 1921 2182 1962 vo-

88 1981 337 2055 rantis3
378 1980 557 2042 velut
584 1999 749 2040 nova
789 1998 917 2053 res,
1028 1978 1112 2041 iia
1154 1977 1632 2047 intermiserant
1664 1977 1900 2056 jamdiu
1938 2000 2184 2042 morem

91 2058 479 2123 consulendi
521 2072 801 2133 senatus,
844 2059 1003 2119 mira
1053 2056 1282 2119 undam
1323 2058 1582 2139 plebem
1623 2060 1963 2134 convertit,
2007 2062 2184 2137 qaid-

92 2164 239 2201 nam
283 2140 593 2209 incidisset,
632 2159 742 2199 em·
780 2160 853 2199 ex
894 2150 1053 2199 {anto
1094 2138 1398 2199 intervallo
1437 2159 1563 2199 rem
1599 2140 1896 2199 desuetam
1936 2160 2184 2220 usurpa-

88 2231 245 2281 rent.
284 2220 565 2279 Hostibus
592 2218 839 2295 belloque
872 2220 1133 2296 gratiam
1161 2220 1506 2289 habendam,
1549 2220 1706 2297 quod
1741 2219 1974 2278 solitum
2005 2222 2184 2297 quid-

87 2322 275 2379 quam
315 2299 523 2358 lc'beraew
560 2299 808 2375 civitatis
828 2301 1027 2371 fieret.
1113 2299 1659 2379 circumspectare
1716 2298 2010 2360 omnibus
2052 2300 2182 2361 fori

86 2380 388 2463 partibus
444 2392 837 2451 senatorem,
895 2400 1173 2464 raroque
1212 2399 1478 2461 usquam
1526 2379 1884 2441 noscitare:
1944 2381 2184 2441 curiam

88 2461 249 2522 inde
293 2479 365 2520 ac
418 2457 827 2520 solitudinem
881 2460 1051 2522 circa
1093 2458 1488 2523 decemviros
1533 2458 1810 2536 intueri3
1870 2480 2062 2544 quum
2115 2474 2182 2521 et
2219 2525 2228 2527 ,

90 2542 226 2625 ipsi
267 2539 547 2601 invisum
586 2556 907 2601 consensu
948 2538 1316 2623 imperium,
1359 2553 1424 2601 et
1465 2539 1672 2620 plebs,
1719 2539 1865 2622 quia
1909 2540 2180 2621 privatis

88 2620 197 2701 ius
258 2640 395 2681 non
456 2633 627 2680 esset
668 2620 938 2683 vocandi
994 2634 1314 2694 senatum,
1378 2640 1506 2680 non
1559 2620 1910 2681 convenire
1953 2624 2214 2681 Patres·

90 2704 716 2793 interpretarentur}
759 2699 881 2779 jam
924 2713 1113 2783 caput
1152 2698 1298 2769 ficri
1328 2698 1690 2760 libertatem
1729 2701 2176 2781 repetentium,

90 2784 150 2843 si
192 2800 264 2841 se
310 2780 501 2860 plebs
544 2793 841 2844 comitem
883 2780 1134 2845 senatui
1176 2779 1319 2853 det,
1364 2794 1447 2852 et,
1491 2778 2017 2863 quemadmodum
2057 2784 2180 2841 Pa-

90 2876 228 2923 tres
270 2859 484 2922 vocati
524 2880 656 2920 non
696 2866 924 2922 coeant
966 2859 1033 2920 in
1074 2875 1386 2933 senatum,
1431 2860 1524 2921 sic
1563 2858 1750 2940 plebs
1791 2860 2027 2920 abnuat
2067 2856 2182 2920 de-

91 2942 353 3003 lectum.
434 2940 635 3000 Haec.
665 2939 945 3003 fremunt
980 2942 1117 3020 Μ)
1173 2941 1423 3036 plebes.
1521 2942 1780 3000 Patrum
1829 2938 1996 2999 haud
2038 2939 2181 3001 fere

90 3022 435 3105 quisquam
474 3018 542 3079 in
582 3019 748 3093 foro,
794 3022 861 3081 in
902 3020 1065 3083 urbe
1107 3042 1239 3081 rari
1283 3032 1480 3081 erant.
1540 3016 1924 3101 Indignitate
1964 3040 2182 3081 rerum
2279 3036 2284 3047 ·

90 3113 425 3167 cesserant
463 3100 536 3159 in
574 3118 801 3181 agros;
843 3120 1223 3183 suarumque
1255 3120 1474 3161 rerum
1509 3112 1710 3171 erant,
1796 3099 2022 3161 amissa
2063 3120 2216 3181 pu-.

95 3180 311 3243 blica:
350 3192 592 3242 tantum
633 3180 712 3241 ab
752 3180 987 3262 injuria
1024 3202 1095 3243 se
1136 3180 1364 3244 abesse
1406 3180 1550 3253 rati,
1583 3193 1880 3263 quantum
1921 3202 1956 3241 a
1999 3194 2188 3243 coetu

90 3278 575 3357 congressuque
596 3260 1019 3341 inpotentium
1039 3260 1438 3321 dominorum
1458 3280 1529 3320 se
1562 3260 1970 3323 amovissent.
1995 3264 2184 3321 Post-

92 3362 279 3423 quam
323 3341 501 3403 citati
542 3361 676 3401 non
716 3340 1202 3414 conveniebant,
1250 3340 1494 3403 dimissi
1547 3340 1714 3401 circa
1750 3336 1972 3409 domos
1993 3340 2190 3419 adpa-

90 3424 353 3497 ritores,
396 3420 584 3481 simul
608 3419 688 3481 ad
716 3421 986 3503 pignora
1031 3419 1361 3503 capienda,
1407 3418 2000 3503 sciscitandumque,
2037 3441 2188 3481 num

90 3503 393 3565 consulto
436 3500 917 3563 detrectarent?
940 3529 947 3537 ⁴
972 3498 1292 3572 referunt,
1353 3513 1640 3575 senatum
1689 3500 1756 3559 in
1811 3501 1980 3581 agris
2021 3520 2186 3561 esse.

86 3584 353 3645 Laetius
398 3578 467 3640 id
506 3580 885 3643 decemviris
912 3580 1163 3651 accidit,
1209 3600 1394 3664 quam
1439 3581 1498 3642 si
1537 3593 1914 3661 praesentes
1937 3580 2186 3647 detrec-

90 3676 231 3723 tare
274 3662 360 3723 im
412 3660 616 3722 erium
657 3661 1003 3724 referrent.
1058 3661 1298 3723 Jubent
1337 3659 1539 3721 adciri
1580 3678 1824 3733 omneS,
1869 3672 2186 3723 senatum-

92 3761 221 3826 que
252 3741 321 3803 in
404 3740 531 3803 ‘em
566 3756 895 3822 posterum
916 3740 1174 3805 edicunt
1192 3762 1214 3821 3
1258 3740 1372 3825 qui
1395 3740 1720 3825 aliquanto
1745 3760 1860 3820 spe
1899 3740 2188 3821 ipsorum

159 3976 223 4043 ⁹)
256 3977 409 4031 adda
443 3974 615 4031 Gron.
655 3976 809 4037 Crev.
880 3980 973 4046 ’ἢ
997 3932 1225 4049 perculit
1251 3975 1396 4034 eaed.
1467 3976 1584 4042 v¹**)
1598 3974 1861 4045 fremebat
1907 3969 2050 4025 eaed.
