2534 4309
3 138 8 171 ἲ
326 158 459 200 iou
552 86 1182 206 =laiiiiziill.
1287 120 1542 207 Cs‘r.
1645 134 2104 217 52.55.5.4.

318 324 501 399 nius,
581 324 886 407 precibus
928 323 1061 388 suis
1104 339 1210 389 aut
1248 330 1543 397 Patriam,
1599 326 1717 389 sed
1757 346 1900 389 cum
1941 328 2096 391 mult
2171 326 2402 393 fiducia

318 406 731 467 innocentiae
794 405 1201 489 gratiaeque,
1281 407 1665 469 tribunicios
1729 406 1989 489 inpetus
2053 422 2118 469 tu
2148 432 2171 469 i
2203 455 2218 469 .
2319 416 2404 473 Et

314 486 467 547 huic
582 487 837 548 ·oelium
892 505 1033 547 cum
1087 488 1317 550 Tuscis
1373 486 1452 548 ad
1503 487 1862 549 Janiculum
1925 504 2064 552 erat
2119 490 2397 554 crimini.

320 568 431 630 sed
654 566 724 626 di
762 564 959 626 animi
1003 566 1137 639 vir,
1182 581 1252 629 ut
1293 569 1363 628 in
1405 567 1664 649 publico
1707 568 2001 649 periculo
2043 584 2224 645 ante,
2309 573 2403 634 s'ic

315 662 447 707 tuin
492 668 559 706 in
601 668 757 719 suc,
801 665 933 707 non
976 646 1105 706 trib
1198 670 1273 709 os
1315 648 1524 721 modo,
1584 648 1698 708 sed
1744 648 2030 728 plebem,
2108 647 2404 713 oratione

4 728 522 853 ato—''Aufefflffi
564 726 936 797 refutando,
982 668 1564 811 efffiiae‘rilli‘i‘lhdoquc
1607 734 1682 788 Τ.
1729 730 2016 789 Menenii
2059 729 2404 791 damnatio·

314 829 461 869 nem
522 820 960 889 mor-temque,
1034 806 1244 887 (cujus
1337 811 1491 871 atris
1537 828 1806 869 munere
1864 810 2157 873 restituta
2200 832 2404 895 quon-

314 887 457 948 dam
499 887 685 969 plebs
726 908 839 949 eos
882 886 1102 967 ipsos,
1162 889 1274 973 qui
1323 912 1398 951 us
1461 902 1594 949 tum
1636 888 1933 961 saeviret,
1977 891 2399 973 magistratus,

310 988 423 1031 eas
468 970 647 1063 leges
688 964 983 1043 haberet)
1026 969 1384 1049 periculum
1427 967 1682 1030 audacia
1729 967 2049 1033 discussit.
2116 969 2278 1050 juvit
2335 984 2402 1031 et

315 1048 653 1128 Virginius
698 1047 966 1129 cellega‚
1008 1050 1197 1111 testis
1240 1048 1613 1130 productim,
1657 1048 2102 1131 participando
2145 1050 2402 1113 laudes:

314 1130 519 1209 magis
578 1142 789 1189 tamen
870 1130 1321 1191 Menenianum
1393 1129 1583 1205 (adeo
1645 1142 2042 1193 mutaverant
2095 1132 2404 1209 animum)

308 1208 561 1289 profuit
598 1207 927 1287 judicium.

477 1291 641 1351 LIII.
722 1286 1083 1349 Certamina
1127 1286 1299 1351 domi
1339 1283 1539 1349 finita.
1619 1286 1865 1367 Veiens
1914 1287 2156 1351 bellum
2215 1310 2402 1351 exor-

309 1382 476 1446 tiim3
561 1368 791 1452 quibus
851 1367 1075 1433 Sabini
1135 1391 1304 1429 arma
1377 1366 1862 1448 conjunxerant.
1966 1373 2040 1431 P.
2106 1370 2404 1434 Valerius

310 1450 578 1522 consul,
640 1447 867 1510 adcitis
909 1450 1284 1510 Latinorum
1323 1449 1881 1531 Hernicorumque
1921 1448 2176 1531 auriliis
2199 1494 2214 1523 ‚
2260 1470 2406 1513 cuni

312 1530 604 1590 exercitu
646 1528 851 1607 Vejos
892 1528 1160 1602 missus,
1202 1542 1412 1591 castra
1459 1528 1728 1601 Sabina,
1793 1549 1952 1611 quae
1995 1552 2116 1611 pro
2155 1531 2404 1593 moeni-

312 1610 431 1669 bus
474 1610 797 1670 sociorum
848 1606 1051 1670 locata
1118 1624 1339 1682 erant,
1407 1610 1751 1671 confestim
1792 1608 2198 1691 adgreditur3
2265 1624 2404 1673 tan-

312 1703 568 1785 tamque
610 1687 1109 1769 trepidationem
1151 1689 1396 1770 injecit,
1439 1705 1529 1762 ut,
1576 1686 1724 1749 dum
1769 1686 2056 1770 dispersi
2117 1689 2229 1751 alii
2281 1691 2405 1752 alia

310 1769 750 1850 manipulatim
804 1781 1149 1831 excurrunt
1217 1768 1301 1830 ad
1354 1768 1692 1832 arcendam
1749 1768 2031 1832 hostium
2091 1771 2260 1845 vim,
2295 1794 2406 1833 .ea

310 1864 517 1931 porta,
560 1848 665 1910 cui
709 1848 891 1932 signa
934 1849 1211 1930 primum
1250 1845 1574 1923 intulerat,
1620 1863 1980 1931 caperetur.
2065 1852 2238 1914 Intra
2267 1854 2402 1914 val-

304 1934 442 1991 lum
484 1927 717 1990 deinde
760 1927 989 1991 caedes
1032 1928 1255 2012 magis,
1303 1950 1486 2012 quam
1529 1929 1878 2011 proelium,
1943 1950 2109 1993 esse.
2168 1934 2402 1993 tumul-

298 2026 413 2071 ·tus
456 2026 511 2071 e‘
538 2008 766 2071 castris
809 2022 876 2093 et
915 2009 985 2069 in
1026 2010 1253 2071 urbem
1344 2022 1633 2089 enetrat3
1676 2024 1992 2093 tamquam
2023 2010 2209 2091 Veiis
2253 2032 2406 2106 cap-

300 2092 427 2163 tis,
506 2089 591 2151 ita
644 2088 864 2170 pavidi
905 2088 1215 2167 Veientes
1254 2030 1338 2150 ad
1376 2110 1547 2150 arma
1591 2103 1876 2151 eumnt.
1949 2112 2100 2173 pars
2143 2091 2403 2154 Sabinis

300 2184 465 2231 eunt
506 2167 834 2246 subsidi03
876 2189 1028 2250 pars
1069 2171 1432 2244 Romanos,
1511 2184 1647 2232 toto
1707 2170 1932 2251 inpetu
1991 2171 2274 2233 intentos
2331 2174 2403 2232 in

302 2264 537 2322 castra,
602 2248 999 2311 adoriuntur.
1113 2249 1486 2331 Paullisper
1535 2249 1746 2311 aversi
1812 2248 2174 2334 turbatique
2230 2268 2399 2325 sunt.

308 2329 547 2391 deinde
591 2342 657 2391 et
698 2329 827 2425 ipsi
870 2343 1146 2413 utroque
1188 2331 1398 2393 versis
1440 2328 1644 2413 signis
1683 2331 2020 2392 resistunt:
2070 2344 2137 2392 et
2175 2352 2400 2413 eques,

306 2410 389 2473 ab
432 2408 696 2473 consule
738 2410 1063 2481 inmissus,
1108 2414 1360 2473 Tuscos
1399 2409 1612 2471 fundit
1653 2409 1986 2493 fugatque.
2045 2408 2401 2495 eademque

306 2492 465 2553 hora
509 2490 635 2551 duo
678 2490 1022 2563 exercitus,
1068 2489 1233 2552 duae
1274 2490 1755 2572 potentissimae
1797 2505 1863 2553 et
1899 2490 2208 2551 maximae
2253 2491 2405 2553 smi-

304 2572 501 2633 timae
543 2583 770 2653 gentes
813 2584 1154 2651 superatae
1193 2586 1363 2633 sunt.
1471 2572 1639 2631 Dum
1693 2569 1854 2631 haec
1911 2569 1992 2631 ad
2029 2569 2235 2651 Vejos
2287 2592 2404 2654 ge-

301 2666 571 2725 runtur,
634 2650 861 2713 Volsci
901 2651 1240 2735 Aequique
1282 2651 1352 2711 in
1395 2652 1624 2712 Latino
1683 2670 1838 2733 agro
1893 2664 2245 2731 posuerant
2295 2672 2404 2714 ca-

302 2740 460 2805 stra3
504 2732 921 2825 populatique
961 2728 1124 2794 fines
1168 2745 1372 2794 erant.
1419 2751 1533 2793 eos
1560 2750 1682 2812 per
1705 2748 1776 2792 se
1819 2730 1949 2811 ipsi
1985 2731 2222 2805 Latini,
2289 2732 2405 2793 ad·-

302 2813 527 2876 sumtis
568 2812 895 2885 Hernicis,
941 2811 1084 2873 sine
1125 2812 1415 2872 Romano
1457 2824 1568 2872 aut
1607 2809 1768 2873 duce
1811 2824 1918 2871 aut
1957 2812 2229 2884 auxilio,
2295 2832 2401 2874 ea·-
2457 2862 2466 2869 .

304 2894 460 2956 stris
505 2906 845 2956 exuerunt.
900 2890 1153 2973 Ingenti
1194 2890 1451 2971 praeda,
1495 2904 1758 2973 praeter
1797 2910 1944 2953 suas
1987 2906 2404 2973 recuperatas

300 2994 433 3048 res,
478 2972 668 3053 potiti
712 2987 878 3035 sunt.
930 2972 1205 3051 ‘Missus
1246 2985 1463 3033 tamen
1505 2969 1584 3032 ab
1628 2974 1830 3032 Roma
1871 2974 2096 3034 consul
2114 2973 2184 3031 in
2203 2973 2404 3036 Vols-

300 3074 414 3116 cos
456 3058 529 3117 C.
562 3053 853 3115 Nautius.
936 3056 1101 3124 Mos,
1146 3050 1364 3127 credo,
1405 3072 1534 3113 non
1581 3050 1896 3133 placebat,
1941 3052 2082 3117 sine
2105 3054 2404 3122 Romano

300 3133 464 3195 duce
538 3133 954 3216 exercituque
1022 3132 1237 3194 socios
1293 3130 1584 3216 propriis
1657 3130 1906 3193 viribus
1975 3132 2405 3217 consiliisque

298 3212 471 3275 bella
516 3232 777 3353 (gerere.
838 3212 1081 3272 nullum
1144 3231 1351 3295 genus
1412 3210 1789 3274 calamitatis
1841 3212 2404 3298 contumeliaeque

299 3312 429 3354 non
474 3313 511 3353 e
562 3307 717 3353 itum
757 3294 825 3354 in
864 3294 1142 3359 Volscos
1184 3306 1315 3356 esti
1358 3312 1483 3365 uec
1523 3305 1734 3355 tamen
1775 3293 2057 3374 perpelli
2097 3308 2400 3375 potuere,

238 3404 245 3414 ·
296 3387 367 3433 ut
408 3373 547 3436 acie
590 3372 1054 3447 dimicat-enm
1903 3408 1912 3415 ·

338 3468 407 3522 u.
444 3488 489 3521 c.
538 3471 657 3527 230,
971 3452 1138 3531 LIV.
1245 3454 1322 3513 L.
1365 3450 1602 3513 Furius
1648 3448 1801 3511 inde
1843 3464 1910 3513 et
1967 3452 2039 3513 C.
2111 3452 2399 3515 Manlius

332 3556 382 3589 a.
434 3538 499 3597 C.
538 3546 657 3601 472.
808 3535 1129 3596 consules.
1214 3530 1455 3598 Manlio
1495 3524 1808 3610 Vejentes
1859 3532 2196 3613 provincia
2241 3552 2399 3596 eve-

290 3616 415 3681 nit⁴
498 3636 631 3677 non
670 3627 883 3675 tamen
923 3614 1251 3675 bellatum.
1295 3610 1594 3693 induciae
1638 3610 1708 3669 in
1748 3632 1948 3673 annos
1973 3610 2213 3696 quadra
2260 3613 2400 3673 inia

292 3695 669 3777 petentibus
710 3694 913 3768 datae,
955 3693 1281 3755 frumento
1324 3689 1783 3775 stipendioque
1826 3690 2167 3773 imperato.
2295 3693 2400 3755 aci

292 3791 597 3839 externae
640 3774 983 3836 confestim
1024 3772 1434 3839 continuatur
1473 3768 1800 3833 discordia
1841 3771 2036 3835 domi.
2099 3773 2402 3856 agrariae

290 3856 459 3939 legis
498 3854 869 3917 tribuniciis
912 3848 1193 3917 stimulis
1234 3852 1428 3935 plebs
1464 3849 1745 3915 furebat.
1830 3848 2168 3943 (Pusula,
2228 3854 2402 3915 nihil
