2534 4309
373 116 515 194 {uk
823 98 2087 202 LtsssRIX.Car.19.'

372 325 498 404 que
537 301 714 366 omni
752 321 864 364 ora
907 303 1297 364 Graecorum
1340 301 1537 364 inseri
1572 301 1769 362 maris
1811 323 1845 362 s
1888 301 2153 366 Thuriis
2198 307 2449 386 Neapo-

365 384 480 452 lim
546 398 613 446 et
653 385 908 453 Cumas,
967 397 1044 442 et
1097 380 1248 462 inde
1289 382 1485 444 Antio
1546 399 1737 466 atque
1780 381 1986 446 Ostiis
2040 397 2233 446 tenus
2278 387 2451 446 Sam-

371 467 562 536 nites,
607 476 712 524 aut
763 463 974 524 socios
1013 461 1259 524 validos
1316 463 1653 534 Romanis,
1714 475 1820 522 aut
1858 463 2095 525 fractos
2137 463 2321 526 bello
2366 467 2455 524 in·

369 545 654 608 venisset
711 541 951 604 hostes.
1047 545 1193 624 lpse
1253 541 1613 620 traiecisset
1674 562 1849 602 mare
1908 563 2050 604 cum
2124 545 2451 606 veteranis

371 623 868 692 Macedonibus,
929 641 1060 684 non
1119 622 1264 703 plus
1332 622 1595 706 triginta
1666 622 1945 684 millibus
1996 623 2335 686 hominnm
2396 637 2455 685 et

372 718 644 791 quatuor
701 701 982 765 millibus
1047 703 1362 784 equitum,
1442 703 1711 766 maxime
1770 701 2228 766 Thessalorum
2248 725 2273 764 ε
2334 703 2453 765 hoc

373 786 548 859 enim
588 781 842 843 roboris
884 794 1037 844 erat.
1121 785 1391 849 Persas,
1436 783 1657 854 Indos,
1704 783 1989 864 aliasque
2030 784 2087 845 si
2126 781 2451 863 adjunxis-

350 879 478 930 -set
515 858 772 950 gentes,
816 861 1319 942 inpedimentum
1358 862 1593 938 maius,
1638 884 1820 944 quam
1862 863 2198 937 auxilium,
2242 864 2449 924 trahe-

375 961 498 1007 ret.
579 943 802 1015 Adde,
863 941 1036 1022 quod
1075 943 1381 1004 Romanis
1412 943 1499 1004 ad
1538 963 1789 1004 manum
1832 941 2003 1003 domi
2044 943 2453 1024 supplemen-

371 1041 504 1089 tum
543 1037 754 1086 esset:
817 1020 1221 1092 Alexandro,
1290 1019 1489 1103 (quod
1524 1036 1752 1116 postea
1794 1023 2137 1084 Hannibali
2188 1023 2451 1100 accidit)

371 1106 588 1168 alieno
641 1102 708 1163 in
751 1123 906 1183 agro
960 1101 1260 1167 bellanti.
1326 1111 1645 1176 exereitus
1689 1103 2157 1166 consenuisset.
2244 1107 2451 1168 Arma.

373 1186 620 1268 clipeus
661 1181 1060 1265 sarissaeque
1103 1181 1277 1260 illis;
1318 1180 1605 1244 Romano
1646 1197 1909 1251 scutum,
1951 1183 2150 1261 majus
2194 1183 2457 1265 corpori

369 1276 841 1348 tegumentum,
904 1277 968 1324 et
1009 1261 1248 1343 pilum,
1291 1262 1461 1323 haud
1500 1261 1733 1345 paullo,
1778 1283 1961 1346 quam
1998 1262 2219 1335 hasta,
2262 1263 2455 1324 vehe-

369 1343 644 1408 mentius
705 1341 838 1404 ictu
886 1343 1084 1426 missu
1132 1363 1211 1404 ue
1265 1343 1481 1404 telum.
1564 1345 1873 1406 statarius
1928 1357 2209 1430 uterque,
2246 1345 2451 1414 miles,

373 1423 636 1488 ordines
677 1441 976 1487 servanst
1021 1441 1094 1483 se
1179 1423 1287 1484 illa
1315 1422 1585 1504 phalanx
1611 1423 1961 1496 inmobilis,
2007 1435 2071 1484 et
2112 1424 2305 1484 unius
2350 1445 2451 1506 ge·

371 1503 587 1566 nei-in
647 1505 927 1563 Romana
991 1503 1162 1564 acies
1217 1502 1757 1576 distinctior,‘ex
1809 1503 2101 1584 pluribus
2160 1503 2450 1585 partibus

265 1595 274 1606 '
373 1597 706 1659 constans3
751 1582 959 1644 facilis
1003 1583 1330 1662 partienti,
1378 1602 1770 1666 quacumque
1814 1605 1975 1664 opus
2002 1599 2197 1657 esset,
2244 1584 2449 1646 facilis

371 1661 686 1746 fungenti.
768 1663 906 1722 Jam
959 1661 1028 1720 in
1082 1681 1285 1740 opere
1330 1663 1473 1756 quis
1530 1683 1649 1744 par
1689 1667 1975 1724 Romano
2014 1662 2251 1725 miles?
2316 1665 2450 1746 quis

371 1743 452 1804 ad
481 1741 877 1804 tolerandum
903 1740 1186 1804 laborem
1229 1741 1508 1804 melior?
1554 1743 1691 1804 Uno
1732 1744 1989 1824 proelio
2028 1745 2449 1806 victusAlex·

369 1822 598 1894 ander,
655 1821 828 1883 bello
885 1821 1092 1896 vietus
1133 1836 1331 1885 esset.
1412 1825 1801 1892 Romanum,
1869 1844 2060 1906 quem
2120 1824 2443 1894 Caudium,

369 1923 560 1990 quem
602 1904 854 1964 Cannae
895 1921 1026 1962 non
1067 1901 1425 1992 fregerunt,
1467 1923 1631 1985 quae
1672 1903 1979 1983 fregisset
2018 1902 2241 1965 acies?
2316 1907 2447 1964 Nae

368 1986 481 2046 ille
525 2001 740 2063 saepe,
785 1979 1033 2042 etiamsi
1073 1982 1279 2062 prima
1320 2002 1634 2064 prospere
1678 1984 2069 2054 evenissent,
2116 1987 2343 2044 Persas
2386 1999 2449 2046 et

367 2061 561 2125 Indos
603 2075 666 2123 et
709 2059 1012 2122 inbellem
1055 2061 1270 2124 Asiam
1314 2063 1686 2144 quaesisset,
1732 2075 1796 2122 et
1815 2083 1979 2145 *qum
2021 2064 2279 2124 feminis
2320 2063 2444 2124 sibi

267 2179 292 2190 ··
364 2143 608 2205 bellum
659 2140 864 2204 fuisse
905 2140 1210 2203 dixisset:
1276 2142 1447 2224 quod
1484 2142 1673 2224 Epiri
1728 2162 1950 2224 regem
1994 2139 2441 2216 Aleiandrum,

275 2295 282 2304 ι
363 2221 705 2286 mortifero
733 2221 1000 2283 vulnere
1043 2221 1256 2295 ictum,
1304 2221 1544 2285 dixisse
1576 2221 1811 2292 serunt,
1851 2235 2097 2284 sortem
2138 2222 2447 2286 bellorum

367 2305 436 2366 in
475 2301 630 2368 Asia
673 2316 996 2383 gestorum
1038 2301 1116 2362 al>
1145 2300 1269 2364 hoc
1309 2302 1455 2384 ipso
1491 2300 1725 2381 juvene
1766 2323 1907 2364 cum
1950 2324 2060 2365 sua
2100 2303 2443 2366 eonferen-

366 2397 519 2445 tem.
601 2379 939 2464 Equidem,
983 2401 1172 2466 quum
1260 2400 1335 2442 er
1377 2401 1575 2444 annos
1618 2395 1890 2465 quatuor
1928 2396 1995 2444 et
2030 2383 2267 2478 viginti
2310 2385 2441 2466 pri-

363 2485 470 2525 mo
511 2461 760 2524 Punico
801 2460 976 2522 bello
1029 2461 1218 2524 classi
1263 2483 1339 2523 us
1400 2474 1705 2524 certatum
1762 2483 1904 2524 cum
1942 2465 2182 2525 Poenis
2224 2483 2439 2526 recor-

367 2543 519 2613 dor,
582 2543 692 2603 vix
743 2555 1012 2603 aetatem
1053 2540 1401 2603 Alexandri
1443 2541 1873 2604 subfecturam
1932 2541 2132 2603 fuisse
2170 2563 2329 2605 reor
2366 2543 2439 2604 ad

365 2643 564 2684 unum
604 2621 864 2683 bellum.
924 2634 990 2682 et
1029 2621 1339 2695 forsitan,
1402 2642 1594 2704 quum
1650 2634 1717 2682 et
1754 2621 2129 2684 foederibus
2168 2624 2441 2684 vetustis

364 2703 579 2782 juncta
617 2701 858 2762 Punica
899 2721 1003 2762 res
1045 2705 1365 2764 Romanae
1410 2713 1601 2771 esset,
1648 2714 1712 2762 et
1748 2701 1944 2762 timor
1982 2723 2101 2785 par
2140 2701 2439 2764 adversus

366 2801 764 2846 communem
799 2780 1050 2842 hostem
1075 2783 1228 2842 duas
1270 2780 1743 2862 potentissimas
1786 2781 1978 2842 armis
2010 2781 2299 2864 virisque
2336 2804 2437 2843 ur-

365 2863 482 2927 bes
524 2873 816 2931 armaret,
859 2860 1047 2924 simul
1083 2861 1329 2923 Punico
1357 2863 1771 2944 Romanoque
1814 2861 2083 2924 obrutus
2122 2861 2299 2924 bello
2340 2881 2435 2923 es·

368 2957 489 3006 set.
542 2945 687 3003 Non
729 2940 986 3025 quidem
1029 2939 1396 3002 Alexandro
1439 2941 1623 3015 duce,
1663 2960 1786 3003 nec
1828 2943 2105 3039 integris
2140 2943 2435 3004 Macedo·-
2497 2997 2498 3004 ,

365 3045 516 3084 num
556 3022 786 3094 rebus,
830 3022 948 3082 secl
991 3019 1243 3102 experti
1280 3033 1489 3082 tamen
1530 3035 1678 3082 sunt
1714 3023 1990 3084 Romam
2027 3019 2437 3084 Macedonem

362 3103 614 3166 hostem
668 3101 971 3162 adversus
1027 3099 1447 3164 Antiochum.
1482 3099 1904 3184 Philippum,
1966 3105 2255 3175 Persen,
2310 3123 2435 3162 non

363 3182 554 3244 modo
595 3203 732 3244 cum
779 3181 960 3243 clade
1001 3181 1160 3252 ulla,
1205 3179 1323 3240 sed
1360 3201 1443 3242 ne
1484 3201 1628 3242 eum
1722 3183 1961 3246 erieulo
2004 3181 2261 3266 quidem
2302 3202 2431 3242 suo.

361 3263 556 3326 Absit
589 3262 832 3325 invidia
872 3257 1181 3336 verbo*)‚
1227 3273 1294 3320 et
1332 3260 1549 3322 civilia
1592 3261 1760 3324 bela
1803 3263 2056 3334 sileant,
2098 3268 2433 3344 numquam

363 3343 444 3404 ab
498 3343 710 3424 equite
751 3342 977 3411 hoste,
1037 3361 1373 3423 numquam
1430 3363 1464 3402 a
1518 3340 1785 3424 pedite,
1842 3361 2183 3426 numquam
2216 3353 2431 3436 ‘aperta

363 3423 526 3493 acie,
569 3443 908 3508 numquam
947 3421 1188 3503 aequis,
1229 3420 1454 3504 utique
1486 3417 1829 3504 numquam
1864 3422 2103 3486 nostris
2145 3422 2309 3483 loeis
2348 3420 2431 3480 la-

358 3501 744 3563 boravimus.
787 3501 1108 3583 Equitem,
1150 3501 1430 3580 sagittas,
1474 3503 1669 3565 saltus
1702 3501 2051 3584 inpeditos,
2094 3501 2237 3565 avia
2268 3520 2433 3562 eom·

355 3581 672 3642 meatibus
724 3581 863 3642 loca
915 3581 1128 3663 gravis
1180 3581 1375 3642 armis
1430 3583 1617 3643 miles
1656 3579 1888 3645 timere
1940 3595 2177 3665 potest.
2257 3579 2431 3641 Mille

354 3657 548 3733 acies,
595 3661 927 3742 graviores
969 3681 1156 3745 quam
1175 3660 1603 3730 Macedonum
1628 3679 1821 3750 atque
1846 3659 2225 3737 Alexandri,
2261 3679 2435 3769 sves·

359 3771 772 3794 -ι--σι-

419 3835 478 3898 ὒ)
509 3847 627 3882 mn
659 3829 836 3883 (im-
871 3825 1030 3888 Gru.
