2534 4309
550 162 961 233 Lunna
1058 166 1544 233 HLCip.
1648 162 1838 249 8.9.
2093 114 2232 255 117‘

128 350 311 411 lanes
352 346 609 413 flexere
650 349 870 413 colles.
930 349 1077 411 urbi
1164 342 1378 435 uo'que
1417 352 1660 415 Romae
1703 354 1933 435 ingens
1973 350 2231 433 praebi-
2325 416 2330 421 ,

128 444 231 491 tus
272 444 527 504 terror,
590 430 790 523 magis
832 429 900 490 in
940 451 1015 491 re
1056 368 1289 504 su‘bita,
1379 454 1522 493 uam
1567 432 1736 515 quod
1775 430 1856 493 ad
1896 430 2234 494 arcendam

130 511 261 573 vim
314 532 545 592 parum
594 510 831 573 virium
873 523 1065 572 esset.
1148 512 1231 606 Q.
1274 513 1366 572 Fa
1416 512 1512 573 ius
1567 526 1860 606 praeerat
1917 512 2086 574 urbi.
2153 506 2245 593 ³³⁵⁸.

128 605 371 651 armata
414 590 768 667 juventute,
814 588 1276 675 dispositisque
1313 592 1691 674 praesidiis,
1733 606 1866 656 tuta
1908 593 2120 655 omnia
2161 612 2235 654 ac

130 668 481 755 tranquilla
518 670 697 733 fecit.
781 671 1001 755 Itaque
1040 669 1279 745 hostes,
1321 671 1561 754 praeda
1603 694 1682 735 ex
1721 673 2032 756 proximis
2074 672 2234 733 locis

130 766 351 834 rapta,
413 749 933 836 adpropinquare
986 750 1136 812 urbi
1184 772 1322 813 non
1371 752 1547 828 ausi,
1611 775 1802 837 quum
1851 754 2236 815 circumacto

130 832 397 915 agmine
433 828 749 905 redirent,
797 846 1029 914 quanto
1069 831 1327 915 longius
1368 833 1446 895 ab
1490 834 1652 897 urbe
1695 832 1972 896 hostium
2015 832 2236 894 absce-

136 912 413 984 derent,
472 930 553 984 eg>
596 910 925 974 solutiore'
948 932 1099 973 cura
1151 912 1219 973 in
1258 914 1632 976 Lucretium
1674 913 1964 977 incidunt
2005 932 2235 974 consu·

136 993 305 1067 lem,
366 988 493 1071 jam
534 1004 680 1053 ante
723 992 1073 1073 exploratis
1114 992 1456 1055 itineribus
1516 994 1650 1055 suis
1694 993 2107 1065 instructum,
2171 1005 2238 1055 et
2303 1066 2314 1073 ,

136 1072 217 1134 ad
258 1085 588 1139 certamen
642 1071 975 1133 intentum.
1048 1072 1303 1156 igitur,
1363 1074 1764 1157 praeparatis
1806 1072 2072 1146 animis,
2131 1070 2237 1133 're-

138 1152 415 1235 pentino
452 1172 693 1233 pavore
726 1152 1059 1233 perculsos
1094 1152 1325 1225 adorti,
1368 1154 1690 1239 aliquanto
1719 1155 2055 1237 pauciores
2080 1153 2237 1213 mul-

138 1230 481 1295 titudinem
536 1231 863 1315 ingentem
913 1230 1187 1295 fundunt
1225 1232 1448 1316 fugant
1535 1255 1613 1311 e;
1659 1248 1725 1298 et
1766 1234 2127 1317 compulsos
2169 1232 2240 1292 in

140 1322 331 1377 cavat
372 1312 607 1383 valles,
698 1334 846 1373 uum
890 1312 1095 1373 exitus
1136 1310 1306 1374 haud
1349 1312 1416 1375 in
1485 1315 1634 1377 acili
1675 1330 1922 1389 essent,
1969 1312 2238 1375 circum-

140 1392 437 1456 veniunt.
521 1390 621 1453 lbi
654 1332 965 1456 ae'olscum
1008 1414 1245 1455 nomen
1285 1414 1495 1474 prope
1539 1394 1816 1457 deletum
1859 1408 1977 1471 est.
2022 1392 2238 1455 trede-

140 1476 269 1537 cim
324 1472 525 1533 millia
623 1471 1083 1554 uadringentos
1139 1474 1544 1571 septuaginta
1597 1474 1912 1537 cecidisse
1981 1474 2050 1533 in
2101 1472 2240 1533 acie

136 1574 217 1617 ac
260 1553 436 1635 fuga,
480 1551 568 1612 mi
619 1574 656 1615 e
700 1552 1011 1615 ducentos
1054 1551 1510 1637 quinquaginta
1549 1553 1732 1618 vivos
1773 1570 2016 1635 captos,
2059 1551 2114 1613 si
2163 1573 2242 1612 na

138 1633 389 1717 viginti
439 1646 689 1713 septem
728 1632 1025 1694 militaria
1082 1633 1282 1695 relata
1304 1677 1322 1708 ,
1381 1636 1451 1696 in
1494 1634 1870 1719 quibusdam
1911 1632 2115 1695 annal'
2166 1651 2241 1693 us

140 1714 434 1776 invenio.
498 1712 611 1775 ubi
668 1712 793 1775 etsi
852 1710 1171 1792 adjectum
1222 1714 1466 1796 aliquid
1503 1736 1774 1779 numero
1829 1714 1951 1789 sit',
2015 1733 2243 1795 magna

142 1806 327 1857 certe
369 1790 601 1855 caedes
640 1790 785 1855 fuit.
842 1792 1073 1855 Victor
1110 1796 1356 1870 consul,
1402 1796 1652 1877 ingenti
1692 1793 1953 1877 praedaae
1975 1794 2241 1876 potitus,

144 1872 375 1938 eadem
432 1873 501 1935 in
559 1874 783 1935 stativa
840 1872 1059 1935 rediit.
1140 1878 1306 1935 Tum
1361 1875 1658 1937 consules
1715 1888 1926 1945 castra
1973 1872 2242 1953 conjun-

144 1968 337 2038 gunt:
402 1966 469 2013 et
518 1952 741 2016 Volsci
782 1954 1138 2039 Aequique¹
1175 1952 1461 2017 adflictas
1513 1955 1691 2018 vires
1743 1974 1886 2017 suas
1940 1956 2008 2017 in
2049 1974 2244 2015 unum

146 2033 503 2097 contulere.
589 2033 811 2095 Tertia
853 2033 959 2097 illa
1020 2054 1231 2118 pugna
1275 2056 1354 2098 eo
1413 2054 1578 2097 anno
1621 2034 1765 2097 fuit.
1840 2033 2064 2099 eadem
2106 2033 2242 2097 sor-

144 2130 295 2177 tuna
338 2113 675 2177 victoriam
719 2110 917 2176 dedit.
961 2113 1122 2177 susis
1161 2114 1477 2190 hostibus,
1521 2114 1712 2179 etiam
1751 2130 1956 2180 castra
1995 2129 2201 2196 capta.

306 2196 417 2257 lx.
502 2192 611 2255 Sic
678 2212 785 2254 res
841 2198 1125 2259 Romana
1165 2196 1265 2256 *in
1321 2196 1669 2279 Antiquum
1720 2210 1950 2261 statum
2005 2192 2240 2259 rediitz
2305 2250 2312 2259 .

144 2274 599 2357 secundaeque
642 2273 800 2335 belli
838 2295 947 2338 res
988 2276 1312 2357 extemplo
1351 2276 1632 2339 urbanos
1672 2290 1880 2339 motus
1921 2276 2241 2339 excitave-

140 2368 315 2417 runt.
402 2354 473 2414 C.
519 2354 913 2419 Terentillus
970 2357 1137 2421 Arsa
1177 2356 1472 2418 tribunus
1512 2355 1724 2439 plebis
1769 2376 1848 2419 eo
1887 2376 2054 2418 amm
2095 2354 2239 2416 fuit.

140 2436 237 2509 is,
285 2432 659 2497 consulibus
699 2433 1102 2510 absentibus,
1162 2451 1336 2499 ratus
1376 2437 1584 2499 locum
1635 2436 2001 2499 tribuniciis
2043 2435 2242 2501 actio-

142 2516 337 2577 nibus
382 2513 626 2586 datum,
670 2534 791 2595 per
824 2518 1067 2601 aliquot
1106 2514 1247 2577 dies
1285 2522 1545 2579 Patrum
1585 2515 1952 2599 superbiam
1983 2514 2064 2577 ad
2101 2514 2239 2597 ple-

142 2596 293 2659 bem
345 2596 753 2670 criminatus,
814 2596 1087 2659 maxime
1143 2597 1211 2658 in
1253 2598 1589 2659 consulare
1644 2597 2019 2678 imperium,
2079 2608 2238 2657 tam-

144 2700 335 2761 quam
378 2674 682 2745 nimium,
740 2697 863 2741 nec
905 2676 1241 2741 tolerabile
1279 2677 1526 2739 liberae
1571 2677 1846 2753 civitati,
1892 2674 2240 2741 inveheba-

145 2772 283 2818 tur:
346 2755 586 2819 nomine
624 2754 781 2816 enim
834 2769 1061 2821 tantum
1122 2758 1315 2819 minus
1355 2757 1741 2829 invidiosum,
1797 2780 1859 2819 rs
1901 2759 2023 2837 ipsa
2060 2766 2245 2835 prope

142 2838 419 2908 atrocius,
460 2856 637 2912 quam
676 2839 930 2915 regium,
968 2858 1099 2899 esse.
1144 2838 1375 2919 Quippe
1413 2840 1559 2898 duos
1597 2859 1707 2917 pro
1753 2858 1868 2897 uno
1911 2838 2154 2896 domino
2174 2835 2239 2907 *ἢ

140 2928 441 2997 acceptos,
486 2915 889 2990 inmoderata,
932 2917 1163 2989 infinita
1203 2927 1510 2996 potestate.-
1569 2918 1688 2995 qui,
1730 2917 1906 2979 soluti
1941 2927 2111 2995 atque
2150 2918 2241 2991 egf-

122 2998 367 3076 ,frama
402 2994 547 3076 ipsi,
599 3016 795 3061 omnes
837 3010 1019 3059 metus
1056 2998 1255 3076 legum
1294 2999 1602 3075 omniaque
1639 2998 1922 3077 supplicia
1960 3004 2242 3057 verterent

142 3080 205 3139 in
244 3078 489 3156 plebem.
576 3074 741 3152 Quae
794 3100 869 3139 ne
904 3088 1141 3139 aeterna
1182 3077 1297 3137 iuis
1335 3080 1568 3137 liat-entia
1603 3077 1678 3136 sit
1691 3120 1712 3150 ,
1771 3078 1956 3155 legem
2001 3098 2059 3137 se
2096 3096 2239 3155 pro-

142 3160 571 3236 mulgaturum,
616 3167 683 3216 ut
712 3160 958 3238 quinque
997 3158 1113 3219 oiri
1148 3169 1417 3218 creentur·
1453 3158 1670 3235 legibus·
1709 3159 1783 3217 dc
1809 3156 2054 3236 imper-io
2094 3174 2242 3219 con»

140 3240 327 3299 salar-i
360 3235 694 3299 scribendis.
778 3240 957 3313 Quod
992 3238 1239 3317 populus
1279 3240 1342 3299 ἰη
1379 3258 1438 3298 se
1465 3240 1562 3313 jus
1601 3238 1865 3311 dederit,
1925 3258 1990 3299 eo
2031 3256 2241 3298 consm—

118 3320 255 3390 ‚lem
296 3338 541 3379 usurum
559 3340 575 3373 ε
632 3340 755 3379 rwn
791 3320 939 3399 ipsos
978 3316 1284 3379 lividinem
1320 3337 1394 3379 ac
1431 3317 1725 3377 licentiam
1760 3339 1926 3379 suam
1967 3340 2075 3398 pro
2116 3318 2241 3393 Iege

138 3400 461 3461 habituros.
550 3394 691 3543 {aa
730 3422 916 3482 prom
965 3400 1129 3477 lgata
1172 3399 1352 3479 lege,
1409 3416 1602 3483 quum
1641 3398 1947 3461 timerent
1987 3402 2236 3469 Patres,

138 3500 261 3553 ne,
324 3478 583 3541 absenti
628 3502 702 3543 us
742 3500 945 3543 consu
974 3480 1153 3551 ibus,
1196 3478 1414 3559 jugum
1454 3478 1860 3559 acciperent,
1907 3491 2162 3541 senatus
2204 3499 2240 3538 a

140 3560 477 3655 praefecto
535 3561 735 3624 urbis.
820 3562 901 3648 Q.
942 3558 1149 3623 Fabio
1202 3573 1498 3622 vocatur:
1562 3560 1670 3642 qui
1725 3558 1886 3623 adeo
1929 3558 2241 3621 atrociter

140 3662 207 3701 in
248 3662 325 3703 ro
375 3639 657 3705 ationem
698 3644 1093 3725 latoremque
1154 3637 1364 3721 ipsum
1410 3652 1507 3701 est
1549 3640 1837 3702 invectus
1863 3682 1880 3713 ,
1945 3652 2016 3699 ut
2053 3638 2236 3711 nihil,

141 3719 197 3783 si
236 3744 337 3783 am
388 3743 430 3784 o
484 3722 785 3787 consules
828 3720 1054 3784 infesti
1095 3720 1586 3783 circumstarent
1623 3719 1982 3793 tribunum,
2042 3718 2237 3779 relic-

144 3816 271 3865 tum
310 3802 631 3865 minarum
680 3817 871 3888 atque
928 3798 1201 3867 terroris
1244 3798 1367 3865 sit:
1411 3800 1754 3861 insidiatum
1794 3820 1950 3872 eum,
1992 3809 2048 3859 et
2087 3808 2239 3859 tcm-

206 3976 261 4041 ·)
294 3976 533 4027 domm-³
568 3970 740 4031 αισι.
779 3970 961 4031 επεν..
