2534 4309
331 70 504 199 214.
601 120 1012 193 Lista
1107 98 1219 193 IV.
1322 72 1583 193 (dar.
1682 116 2149 193 50.51.52t

327 310 622 375 tribunos
661 308 934 373 militum
975 328 1056 373 ex
1093 309 1287 391 plebe
1330 324 1614 373 crearet:
1656 310 2133 394 tendebantque
2178 330 2413 371 summa

331 412 456 474 ope
475 436 493 465 ‚
559 406 630 452 ut
677 390 974 454 consules
1036 404 1426 452 crearentur.
1530 392 1742 485 Quum
1804 391 2417 455 senatusconsultum

331 468 480 535 fieri
519 470 763 532 tribuni
805 470 1018 550 plebis
1061 491 1190 532 non
1227 483 1637 552 paterentur,
1696 470 1895 532 iidem
1936 468 2421 533 intercederent

335 551 776 625 consularibus
831 549 1137 624 comitiis,
1194 570 1304 611 res
1345 550 1426 609 ad
1465 551 1911 634 interregnum
1961 550 2182 612 rediit.
2268 550 2419 616 Vic-

333 632 498 695 toria
543 628 778 704 deinde
817 650 1021 710 penes
1061 634 1290 693 Patres
1332 630 1477 691 fuit.

373 725 445 783 U,
485 746 534 783 ο,
572 727 692 787 342.
998 712 1101 769 LI.
1188 710 1267 803 Q.
1310 710 1515 773 Fabio
1559 709 1882 773 Vibulano
1936 708 2272 791 interrege
2316 729 2421 769 co-

371 811 424 864 a.
461 792 526 850 C.
569 802 693 854 410.
753 838 760 859 ,
845 788 1023 849 mitia
1065 788 1381 863 habente,
1437 790 1733 851 consules
1788 787 1989 849 creati
2044 802 2192 849 sunt
2240 789 2320 851 A.
2354 786 2419 861 ¹'‘)

331 868 692 948 Cornelius
737 871 1004 941 Cossus,
1063 872 1138 929 L.
1201 869 1435 929 Furius
1475 868 1888 930 Medullinus.
1967 868 2092 933 His
2134 867 2419 929 consuli-

289 948 456 1011 -bus
509 947 838 1030 principio
893 946 1042 1007 anni
1084 950 1703 1023 senatusconsultum
1754 948 1987 1009 factum
2030 960 2167 1021 est,
2230 962 2303 1007 ut
2345 946 2421 1007 de

267 1058 272 1069 ·
336 1028 714 1111 quaestione
767 1019 1252 1088 Postumianae'
1302 1028 1515 1091 caedis
1574 1026 1821 1089 tribuni
1884 1026 2119 1108 primo.
2170 1046 2421 1109 quoque
2511 1034 2513 1051 *

333 1122 628 1203 tempore
670 1105 751 1167 ad
780 1106 1038 1188 plebem
1069 1106 1357 1185 ferrent3
1404 1108 1754 1190 plebesque
1783 1104 2168 1187 praeficeret
2196 1127 2421 1187 quaes-
2513 1136 2516 1169 a

337 1189 536 1263 tiom,
613 1208 800 1269 quem
853 1186 1069 1251 vellet.
1152 1190 1209 1249 A
1247 1187 1446 1267 plebe
1489 1206 1806 1249 consensu
1860 1186 2085 1267 populi
2140 1186 2421 1247 consuli-

335 1266 458 1329 bus
518 1266 844 1348 negotium
897 1262 1250 1327 mandatur.
1337 1266 1482 1349 qui,
1564 1287 1800 1327 summa
1866 1264 2313 1327 moderatione
2355 1284 2423 1325 ac

334 1345 602 1410 lenitate
653 1364 776 1425 per
833 1365 1179 1425 paucorum
1235 1366 1354 1426 sup
1405 1344 1657 1419 licium,
1721 1364 1883 1425 quos
1936 1344 2199 1406 sibimet
2250 1346 2423 1427 ipsos

339 1425 672 1487 conscisse
726 1437 1000 1485 mortem
1037 1424 1188 1485 satis
1230 1444 1339 1485 cre
1386 1425 1543 1485 itum
1585 1438 1719 1497 est,
1777 1438 2090 1485 transacta
2130 1446 2249 1496 re,
2312 1446 2423 1485 ne-

345 1502 614 1587 quivere
653 1518 860 1563 tamen
902 1504 1232 1585 consequi,
1277 1518 1347 1564 ut
1384 1524 1515 1565 non
1556 1503 1914 1587 aegerrime
1956 1502 2025 1563 id
2064 1502 2255 1583 plebs
2296 1503 2425 1565 fer·

341 1596 470 1645 ret.
545 1586 740 1657 jacere
781 1582 1010 1639 tamdiu
1062 1583 1261 1641 irritas
1304 1584 1658 1654 sanctiones,
1715 1603 1858 1661 quae
1897 1583 1971 1641 ds
2007 1584 2123 1643 s‘uis
2160 1602 2427 1641 commo-

339 1662 436 1721 dis
455 1662 767 1738 ,ferrentur
787 1688 804 1717 .·
849 1682 1028 1735 quum
1071 1661 1308 1721 interim
1349 1664 1423 1721 ds
1459 1662 1742 1741 sanguine
1784 1672 1839 1721 et
1874 1662 2155 1739 supplicio
2191 1682 2298 1720 suo
2340 1664 2427 1719 le-

342 1750 466 1801 tam
503 1742 689 1819 legem
728 1740 1030 1819 confestim
1069 1743 1342 1812 exemeri,
1382 1752 1441 1801 et
1480 1752 1703 1801 tantam
1744 1742 1863 1801 vim
1895 1742 2124 1804 haber-e.
2184 1742 2427 1823 ,Aptis-

343 1819 569 1883 simum
611 1834 860 1915 tempus
903 1834 1074 1892 erat,
1117 1820 1459 1882 vindicatis
1500 1819 1967 1893 seditionibus,
2026 1818 2421 1881 delenimen-

344 1914 476 1963 tum
513 1898 617 1977 *ἢ
659 1900 885 1963 animis
925 1899 1155 1962 Bolani
1197 1900 1337 1981 agri
1378 1900 1763 1963 divisionem
1806 1898 2040 1981 objici:
2086 1920 2215 1981 quo
2257 1899 2427 1961 facto

341 1978 728 2042 minuissent
805 1976 1196 2041 desiderium
1253 1980 1541 2061 agrariae
1604 1980 1806 2062 legis,
1900 2000 2063 2059 quae
2126 2000 2431 2059 possesso

393 2080 467 2121 er
517 2059 816 2137 injuriam
871 2080 1023 2143 agro
1087 2058 1373 2140 publico·
1403 2064 1628 2122 Patres
1695 2058 1993 2141 pellebat.
2078 2060 2260 2120 Tunc
2288 2056 2437 2133 u‘)

342 2081 505 2201 {aec
548 2140 684 2221 ipsa
741 2138 1090 2222 indignitas
1141 2139 1410 2221 augebat
1450 2140 1733 2212 animos,
1786 2160 1917 2201 non
1960 2138 2028 2197 in
2069 2138 2433 2199 retinendis

345 2216 538 2283 modo
578 2217 856 2301 publicis
903 2220 1106 2301 agris,
1164 2239 1322 2300 quos
1364 2220 1433 2281 vi
1473 2233 1765 2292 teneret,
1804 2216 2199 2301 pertinacem
2238 2216 2433 2281 nobi-

343 2300 594 2361 litatem
649 2318 835 2376 esse3
879 2300 996 2359 sed
1047 2319 1132 2358 ne
1173 2320 1438 2361 vacuum
1478 2298 1736 2381 quidem
1788 2319 2039 2391 agrum,
2100 2319 2315 2380 nuper
2356 2318 2435 2358 ex

347 2376 644 2442 hostibus
687 2392 956 2460 captum,
998 2377 1177 2460 plebi
1223 2378 1555 2456 ‹lividere-3
1598 2400 1745 2441 mox
1782 2397 2039 2461 paucis,
2084 2390 2153 2438 ut
2192 2392 2433 2449 cetera,
2520 2418 2522 2421 ι

349 2458 630 2521 futurum
669 2459 968 2543 praedae.
1049 2456 1297 2519 Eodem
1336 2480 1500 2520 anno
1543 2457 1846 2521 adversus
1889 2457 2184 2531 Volscos,
2224 2480 2433 2539 popu-

348 2538 554 2601 lantes
593 2538 1026 2600 Hernicorum
1068 2534 1272 2611 fines‚
1329 2538 1623 2620 legiones
1678 2538 1903 2601 ductae
1944 2559 1981 2597 a
2018 2538 2218 2599 Furio
2280 2558 2434 2601 con-

258 2635 267 2647 *
349 2616 513 2693 sule,
559 2638 748 2701 quum
781 2617 1033 2681 hostem
1062 2617 1152 2678 ibi
1194 2639 1323 2679 non
1362 2617 1782 2693 invenissent,
1825 2616 2265 2690 Ferentinum,
2310 2638 2435 2698 quo
2520 2642 2522 2651 ·

349 2718 578 2781 magna
617 2697 956 2761 multitudo
996 2698 1381 2763 Volscorum
1422 2717 1493 2758 se
1535 2698 1923 2769 contulerat,
1969 2716 2225 2779 cepere.
2308 2698 2436 2758 Mi-

351 2800 476 2841 nus
512 2777 814 2861 praedae,
861 2798 1045 2859 quam
1077 2792 1513 2873 speraverant,
1558 2777 1715 2838 suitz
1762 2777 1933 2861 quod
1966 2777 2215 2849 Volsci,
2258 2790 2435 2859 post-

351 2864 544 2943 quam
583 2878 734 2940 spes
777 2856 1001 2920 tuendi
1045 2878 1275 2939 exigua
1316 2872 1489 2933 erat,
1531 2858 1796 2919 sublatis
1828 2856 2044 2929 rebus,
2088 2870 2277 2918 nocte
2318 2878 2437 2937 op-

353 2938 578 3021 pidum
632 2936 1055 3023 reliquerunt.
1139 2950 1404 3018 postero
1464 2938 1571 2999 die
1625 2959 1832 3019 prope
1876 2936 2197 2998 desertum
2262 2938 2439 3019 capi-

359 3030 487 3081 tur.
565 3020 872 3081 Hernicis
918 3018 1060 3099 ipse
1102 3039 1257 3079 aver
1299 3016 1470 3082 dono
1516 3017 1717 3081 datus.
1901 3087 1911 3095 ,

517 3102 652 3163 Ln.
735 3102 990 3162 Annum
1045 3065 1357 3162 mordeatia
1414 3098 1816 3159 tribunorum
1856 3096 2139 3181 quietum
2182 3096 2443 3179 excepit

393 3178 470 3253 ²0.
505 3212 556 3251 e.
595 3194 714 3255 ³43.
861 3180 1154 3241 tribunus
1214 3178 1427 3259 plebis
1482 3181 1557 3239 L.
1601 3178 1851 3253 Icilius,
1915 3178 1997 3267 Q.
2040 3175 2247 3238 Fabio
2284 3178 2441 3239 Am-

393 3280 445 3319 a.
484 3261 552 3321 C.
589 3270 708 3333 1009.
855 3258 1086 3334 busto,
1175 3261 1248 3321 C.
1317 3258 1518 3319 Furio
1588 3259 1809 3322 Pacilo
1884 3256 2274 3335 consulibus.
2376 3260 2441 3319 Is

359 3360 554 3423 quum
587 3337 762 3417 ****)
817 3339 1148 3421 principio
1207 3338 1419 3399 statim
1460 3339 1645 3411 anni,
1706 3338 1883 3400 velut
1920 3358 2196 3418 pensum
2233 3338 2441 3399 nomi-

355 3420 459 3481 nis
499 3416 938 3502 familiaeque,
999 3416 1354 3481 seditiones
1399 3418 1666 3509 agrariis
1724 3416 1978 3501 legibus
2032 3417 2443 3501 promulgan-

357 3498 460 3562 dis
494 3500 738 3577 cieret5
781 3498 1156 3579 pestilentia
1189 3514 1429 3572 coorta,
1473 3497 1787 3560 minacior
1822 3512 2031 3561 tamen
2066 3510 2257 3579 quam
2292 3518 2446 3579 per-

355 3578 706 3651 niciosior,
751 3578 1172 3659 covitationes
1213 3578 1543 3639 hominum
1588 3600 1623 3639 a
1664 3576 1813 3641 foro
1858 3578 2449 3663 certaminibusque

355 3658 638 3743 publicis
700 3656 780 3720 ad
832 3626 1094 3722 domum
1153 3678 1495 3741 curamque
1548 3679 1892 3740 corporum
1948 3656 2449 3721 nutriendorum

426 3830 486 3895 ')
517 3828 604 3883 DI.
641 3828 814 3885 Gron.
867 3826 1021 3884 Crev.
1137 3826 1228 3893 *Ἴ
1267 3824 1646 3880 dele'm'msmum
1677 3822 1826 3883 saed.
1938 3823 2061 3893 ⁶*ss
2108 3822 2241 3877 Tum
2296 3826 2451 3887 οιαὶ.

529 3897 678 3961 *ΝἾ
715 3909 818 3951 tum
855 3894 1028 3953 Gron.

1336 4008 1351 4035 l
