2534 4309
382 150 439 220 L
484 172 510 221 1
561 171 602 219 n
651 86 790 251 ἐκ
873 154 984 223 IV.
1089 153 1146 225 C
1197 174 1240 221 Α
1292 174 1345 222 Ρ.
1426 138 1557 232 54(
1597 145 1711 223 55.
1766 146 1882 221 56.
2038 170 2167 241 ²⁸7

87 359 232 400 sarn
287 337 699 402 celeberrimi
751 338 1029 403 nominis
1079 338 1351 403 haberet
1401 338 1637 422 duces3
1692 343 1917 406 Patres
1966 342 2183 405 'omnia

129 420 480 483 uaestoriis
522 422 842 493 comitiis,
885 420 998 482 ubi
1038 434 1379 503 utrumque
1423 420 1601 503 phbi
1639 422 1901 499 liceret,
1944 424 2181 487 similis

155 522 233 561 re
275 516 639 574 cernentes,
683 500 956 564 tendere
997 500 1076 562 ad
1117 502 1450 563 consulum
1490 501 1768 577 comitia,
1812 525 1977 588 quae
2016 526 2181 566 non-

85 582 237 642 dum
343 581 662 644 romiscua
715 596 950 644 essent.
1037 578 1206 643 Icilii
1265 594 1490 643 contra
1551 578 1845 645 tribunos
1905 584 2182 647 militum

83 680 288 803 l‹ix-ean
337 681 411 722 os
451 662 694 735 dicere,
741 676 810 725 et
837 662 1092 725 tandem
1131 658 1473 747 aliquando
1516 661 1962 747 inpertiendos
2002 664 2183 750 plebi
2238 716 2247 725 .

135 760 394 802 onores.
1118 766 1124 772 ·

253 820 390 883 LV.
473 818 606 883 Sed
657 822 829 882 nulla
889 835 1028 883 erat
1079 820 1437 885 consularis
1494 820 1693 895 actio,
1757 842 1939 907 quam
1993 823 2181 905 inpe-

87 899 332 963 diendo
375 898 474 975 id,
519 899 692 984 quod
731 902 1060 981 petebant,
1105 901 1585 993 exprimerente
1630 924 1825 985 quum
1862 904 2023 963 mira
2066 924 2185 984 op·
2292 942 2295 946 -

85 981 526 1072 portunitate,
590 982 867 1045 Volscos
922 995 988 1042 et
1039 986 1136 1043 Ae
1187 1001 1318 1075 uos·
1359 979 1731 1063 praedatum
1789 996 1968 1044 extra
2020 980 2183 1045 fines

91 1080 314 1121 exisse
368 1060 439 1121 in
489 1080 708 1143 agrum
735 1061 1063 1123 “Latinum
1178 1080 1628 1143 ermcumque,
1707 1058 2019 1126 adfertur.
2105 1062 2188 1125 ad
2294 1087 2303 1096 ·

91 1138 273 1221 quod
312 1138 552 1201 bellum
593 1138 705 1200 ubi
749 1160 828 1201 ex
869 1142 1425 1205 senatusconsulto
1484 1142 1783 1204 consules
1866 1140 2187 1204 delectum

87 1220 340 1282 habere
381 1220 746 1301 occipiunt3
815 1218 1085 1282 obstare·
1117 1232 1275 1283 tunc
1316 1220 1506 1282 enixe
1548 1219 1829 1293 tribuni,
1874 1221 2000 1286 sibi
2042 1222 2184 1305 ple·

89 1298 298 1381 bique
351 1320 490 1360 eam
549 1300 871 1364 fortunam
923 1300 1193 1363 oblatam
1233 1315 1682 1365 memorantes.
1768 1304 1935 1363 Tres
1977 1314 2183 1377 erant,

91 1394 168 1441 et
203 1398 427 1441 omnes
461 1379 762 1441 acerrimi
786 1378 934 1452 viri,
981 1380 1286 1463 generosi
1378 1400 1414 1441 e
1440 1378 1569 1461 jam
1591 1383 1679 1459 *),
1722 1394 1793 1445 ut
1831 1380 2003 1443 inter
2040 1381 2185 1463 ple·-
2276 1422 2285 1437 ·

93 1456 310 1539 bejos.
393 1458 544 1532 duo,
607 1459 846 1541 singuli
889 1460 1203 1542 singul-os,
1248 1400 1376 1521 affl}
1414 1460 1712 1524 consules
1752 1460 2188 1527 adservandos

91 1537 366 1601 adsidua
408 1558 609 1621 opera
651 1537 1020 1601 desumunt:
1053 1540 1176 1617 *uni
1219 1540 1643 1603 concionibus
1686 1537 1827 1603 data
1856 1560 2027 1607 nunc
2066 1536 2186 1605 de·

91 1617 404 1691 tinenda,
455 1638 628 1680 nunc
670 1618 1020 1683 concienda
1081 1618 1291 1701 plebs.
1372 1622 1511 1685 Nec
1588 1620 1907 1683 delectum
1950 1642 2185 1683 consu-

91 1700 234 1771 les,
285 1717 416 1759 ‚nec
467 1698 722 1760 comitia
748 1742 764 1773 ‚
817 1720 977 1783 quae
1027 1699 1369 1781 petebant,
1428 1698 1676 1764 tribuni
1728 1700 2183 1783 expediebant.

97 1775 458 1839 Inclinante
531 1774 770 1840 deinde
819 1798 907 1841 ·se
939 1777 1044 1851 *ἢ
1120 1778 1376 1843 fortuna
1444 1778 1527 1843 ad
1597 1800 1882 1844 caussam
1945 1780 2183 1865 plebis,

95 1856 316 1920 nuntii
365 1856 664 1933 veniunt,
720 1876 932 1919 arcem
987 1862 1449 1922 Carventanam
1462 1903 1480 1933 ‚
1542 1858 1810 1942 dilapsis
1864 1858 1947 1921 ad
1996 1882 2186 1943 prae-

99 1937 250 1999 dam
287 1936 630 2009 militibus,
719 1937 784 1998 ui
825 1936 894 2001 in
931 1936 1261 2019 praesidio
1302 1950 1507 2014 erant,
1546 1942 1831 2023 Aequos,
1873 1937 2185 2006 interfec-

97 2016 188 2077 tis
226 2015 450 2097 paucis
491 2032 672 2079 custo
719 2014 860 2079 ibus
901 2018 1090 2093 arcis,
1133 2017 1475 2081 invasisse.
1554 2018 1718 2087 alios
1774 2033 2187 2085 recurrentes

100 2097 174 2158 in
213 2114 457 2167 arcem,
519 2097 684 2161 alios
739 2098 1026 2179 palantes
1085 2096 1157 2159 in
1207 2097 1380 2181 agris
1434 2118 1681 2165 caesos.
1762 2100 1860 2163 Ea
1918 2099 2189 2166 adversa

101 2175 352 2239 civitati
389 2196 498 2237 res
537 2178 713 2242 vires
755 2176 1146 2241 tribuniciae·
1183 2176 1421 2242 actioni
1460 2176 1714 2258 adjecit.
1754 2176 2189 2265 nequidquam

101 2255 284 2317 enim
329 2256 596 2333 tentati,
673 2271 746 2320 ut
802 2270 936 2319 tum
993 2256 1277 2341 denique
1340 2254 1732 2323 desisterent
1790 2258 2188 2341 inpediendo

101 2335 322 2409 bello,
359 2350 721 2420 spostquam
781 2358 915 2400 non
963 2356 1224 2400 cessere
1275 2356 1399 2401 nec
1451 2336 1747 2421 publicae
1798 2340 2186 2421 tempestati,

101 2432 231 2479 nec
274 2435 425 2477 suae
467 2415 782 2493 invidiae,
861 2416 1271 2499 pervincunt,
1312 2430 1384 2480 ut
1422 2418 2040 2499 senatusconsultum
2078 2418 2190 2487 fiat

104 2494 190 2557 de
230 2494 506 2561 tribunis
549 2497 818 2560 militum
849 2496 1143 2561 creandis
1162 2516 1184 2559 t
1223 2510 1407 2560 certo
1446 2506 1910 2582 nuncupante,
1948 2520 2035 2562 ne
2076 2520 2189 2563 cu-

103 2574 208 2657 jus
249 2575 418 2637 ratio
457 2572 834 2651 haberetur,
890 2578 1001 2663 qui
1043 2597 1121 2638 eo
1163 2596 1333 2639 anno
1372 2577 1673 2645 tribunus
1716 2578 1929 2663 plebis
1971 2578 2203 2643 essett'

103 2664 276 2717 nere
416 2656 474 2719 is
527 2656 906 2720 reficeretur
955 2658 1022 2719 in
1077 2677 1309 2718 annum
1356 2657 1651 2721 tribunus
1753 2658 1963 2739 lebis;
2020 2659 2191 2723 haud

103 2734 306 2797 dubie
371 2735 558 2799 cilios
600 2736 944 2802 denotante
986 2750 1234 2811 senatu,
1280 2758 1441 2831 quos
1480 2758 1701 2801 merce
1750 2760 1851 2801 em
1892 2738 2191 2803 seditiosi

101 2814 466 2879 tribunatus
504 2830 732 2899 petere
773 2818 1169 2880 consulatum
1207 2815 1677 2881 insimulabant.
1762 2823 1927 2880 Tum
1970 2818 2186 2883 delec-

103 2908 208 2958 tus
248 2894 478 2958 haberi
499 2939 517 2970 ‚
561 2897 928 2981 bellumque
969 2898 1250 2959 omnium
1294 2894 1587 2969 ordinum
1627 2916 1953 2964 consensu
1994 2898 2189 2983 adpa-

101 2974 253 3037 rari-
287 2988 610 3059 coeptum.
703 2979 1014 3041 Consules
1067 2977 1252 3057 ambo
1314 2977 1595 3075 profecti
1658 2978 1789 3041 sint
1845 2976 1928 3040 ad
1977 3000 2193 3045 arcem

107 3058 608 3132 Carventanam,
675 3078 762 3125 un
821 3059 983 3121 alter
1040 3056 1142 3121 ad·
1173 3058 1431 3121 comitia
1470 3056 1764 3121 habenda
1807 3058 2189 3139 substiterit,

105 3137 428 3200 incertum
475 3136 718 3202 diversi
761 3144 1052 3207 auctores
1095 3137 1369 3202 faciunt:
1416 3138 1524 3200 illa
1564 3158 1685 3220 pro
1716 3144 1910 3202 'certo
1948 3138 2191 3203 haben-

111 3216 212 3293 da,
257 3216 327 3277 in
349 3216 582 3301 quibus
625 3240 758 3281 non
801 3218 1208 3293 dissentiunt,
1252 3218 1333 3283 ab
1376 3238 1523 3283 arce
1554 3220 1969 3295 Carventana,
1999 3242 2193 3317 quum

109 3296 222 3361 diu
263 3296 692 3382 nequidquam
727 3299 1088 3382 obpugnata
1109 3312 1303 3373 esset,
1345 3300 1711 3366 recessum:
1756 3300 2193 3385 Verruginem

105 3377 178 3439 in
237 3376 500 3442 Volscis
556 3377 783 3441 eodem
835 3379 1128 3442 exercitu
1189 3398 1343 3461 rece
1388 3392 1554 3455 tam,
1618 3380 2194 3467 populationesque

105 3470 176 3601 gt
225 3456 504 3541 praedas
561 3470 631 3522 et
687 3458 759 3523 in
807 3458 1056 3545 Aequis
1114 3472 1179 3521 et
1228 3458 1301 3522 in
1422 3459 1599 3525 olsco
1671 3480 1828 3547 agro
1892 3461 2194 3548 ingentes

135 3550 332 3599 ama·
749 3548 752 3552 ⁵
1153 3572 1158 3577 '

270 3618 439 3682 LVI.
519 3612 766 3681 Romae
804 3619 971 3683 sicut
989 3618 1200 3701 plebis
1241 3617 1517 3683 victoria
1554 3618 1683 3682 fuit
1800 3636 1875 3696 u,
1910 3654 1955 3690 c.
1994 3638 2116 3707 ³⁴7·

107 3696 180 3759 in
207 3714 325 3772 eo,
387 3710 476 3773 ut,
523 3718 690 3784 quae
730 3701 1011 3775 mallent,
1054 3698 1313 3763 comitia
1338 3698 1683 3767 haberetne
1802 3724 1856 3768 ι.
1890 3704 1953 3765 C·
1993 3706 2112 3771 4⁰⁵.
2182 3702 2195 3709 '

171 3868 234 3933 θ)
269 3870 424 3919 etiam
459 3863 629 3931 Gron.
701 3868 790 3935 *ἢ
823 3886 878 3921 κ
910 3866 1012 3923 del.
1049 3866 1221 3929 ὅτου.
1257 3869 1417 3932 cto.
