2534 4309
466 92 941 192 -Lt'nssix'
1035 122 1160 188 lx.
1265 111 1521 190 ΟΔ».
1626 119 1899 214 28.29.
2120 128 2264 197 ιω

159 303 462 366 Boviano
505 303 590 365 ad
617 305 958 387 ‘Fregellas
1001 308 1236 388 pergit.
1282 301 1493 382 unde,
1536 322 1843 374 nocturna
1889 311 2267 386 Samnitium

157 385 234 446 su
283 407 320 445 a
361 386 506 446 sine
548 387 894 447 certamine
937 387 1214 468 receptis
1261 387 1615 470 Fregellis,
1660 391 2115 476 praesidioque
2162 415 2267 456 va·

157 467 208 526 li
261 487 300 527 o
345 465 662 548 inposito,
729 465 796 525 in
839 468 1241 548 Campaniam
1284 468 1560 529 reditum
1604 469 1873 532 maxime
1916 473 1995 533 ad
2040 475 2267 538 Nolam

157 547 358 607 armis
419 544 857 626 repetendam.
923 568 1004 610 co
1061 569 1138 610 se
1175 549 1341 610 intra
1396 551 1685 622 moenia,
1744 549 1865 610 sub
1926 552 2266 619 adventum

159 627 522 698 dictatoris,
569 639 636 687 et
655 627 1032 688 Samnitium
1059 628 1264 690 omnis
1297 628 1631 704 multitudo
1676 642 1741 688 et
1772 629 2004 692 Nolani
2044 654 2264 715 agres-

155 719 262 768 tes
307 705 730 768 contulerant.
815 707 1146 776 Dictator,
1205 707 1385 768 urbis
1430 709 1557 769 situ
1600 707 2094 792 circumspecto,
2184 735 2265 774 uo

153 786 454 865 apertior
493 783 704 843 aditus
747 783 827 844 ad
869 786 1124 846 moenia
1169 801 1365 858 esset,
1408 789 1621 850 omnia
1664 785 2095 864 aedificia·(et
2163 813 2263 854 re-

159 869 444 946 quenter
489 861 1048 934 ibihabitabatur)
1077 866 1501 944 *circumjecta
1543 868 1744 932 muris
1788 865 2097 938 incendit.
2144 893 2265 934 nec

155 945 251 1004 ita
297 945 494 1004 multo
581 957 704 1018 ost,
751 943 888 1006 sive
931 969 964 1004 a
1005 947 1303 1008 Poetelio
1348 948 1684 1016 dictatore,
1726 947 1864 1010 sive
1912 949 1991 1010 ab
2037 954 2104 1016 C.
2152 953 2265 1014 Ju-

153 1025 276 1085 nio
336 1042 638 1095 consue,
705 1029 882 1100 (nam
937 1039 1277 1110 utrumque
1329 1023 1633 1102 traditur)
1692 1023 1853 1086 Nola
1902 1036 2007 1084 est
2060 1039 2259 1107 capta.

155 1104 302 1246 ssui
345 1115 567 1184 captae
614 1103 810 1166 decus
853 1107 1056 1166 Nolae
1096 1107 1175 1164 ad
1217 1105 1550 1166 consulem
1578 1103 1884 1178 trahunt,
1928 1101 2263 1184 adjiciunt.

223 1185 422 1244 tinam
465 1197 530 1244 et
571 1183 870 1246 Calatiam
913 1185 990 1244 ab
1029 1183 1264 1246 eodem
1306 1199 1565 1264 caputa83
1624 1183 1989 1247 Poetelium
2030 1192 2265 1256 autem,

209 1265 532 1326 estilentia
573 1277 751 1337 orta,
809 1265 971 1327 clavi
1013 1262 1254 1347 figendi
1298 1283 1517 1326 caussa
1577 1262 1959 1328 dictatorem
2002 1263 2263 1326 dictum.

157 1285 400 1410 guessa
463 1358 530 1408 et
551 1345 840 1406 ‘Pontiae
883 1343 1114 1406 eodem
1166 1365 1335 1404 auno
1382 1343 1673 1406 coloniae
1734 1342 2047 1406 deductae
2092 1359 2262 1406 sunt.

161 1430 402 1490 Suessa
443 1425 892 1492 Auruncorum
933 1427 1178 1485 sueratx
1245 1425 1469 1488 Volsci
1508 1423 1805 1498 Pontias,
1860 1421 2135 1488 insulam
2176 1424 2265 1486 si-

159 1521 292 1567 tam
335 1505 410 1566 in·
445 1518 800 1588 conspectu
843 1506 1056 1568 litoris
1099 1503 1222 1579 sui,
1269 1504 1692 1570 incoluerant.
1758 1517 1860 1573 et,
1902 1506 2263 1570 Interamna

164 1599 232 1648 et
274 1585 573 1648 Casinum
615 1599 684 1648 ut
725 1585 1201 1653 deducerentur
1243 1584 1571 1658 coloniae,
1634 1585 2263 1650 senatusconsultum

165 1667 404 1728 factum
445 1679 563 1728 est.
630 1665 1163 1728 sed-triumviros
1207 1685 1555 1734 creavere,
1598 1685 1671 1726 ac
1714 1665 1957 1728 misere
1999 1666 2263 1730 colono-

165 1767 308 1807 rum
357 1760 649 1828 ⁴quatuor
700 1745 900 1810 millia
965 1745 1383 1833 insequentes
1434 1746 1735 1812 consules
1860 1755 1930 1818 U,
1973 1779 2023 1817 e.
2076 1769 2193 1822 442,

165 1831 254 1889 M.
297 1827 634 1902 Valerius,
676 1829 753 1890 P.
799 1827 1064 1888 Decius.
1409 1821 1420 1838 '
1867 1845 1918 1885 a.
1959 1827 2027 1892 C,
2068 1830 2187 1886 sm.

327 1909 556 1970 xxlx.
636 1904 990 1988 Profligato
1035 1905 1178 1968 fere
1221 1907 1599 1967 Samnitium
1638 1904 1843 1978 bello,
1891 1905 2075 2046 {rius
2125 1925 2266 1972 uam

163 2009 248 2056 ea.
281 2007 432 2050 cura
478 1985 826 2049 decederet
867 1985 1160 2054 Patribus
1203 1987 1549 2056 Romanis,
1594 1985 1855 2049 Etrusci
1946 1985 2059 2050 elli
2130 2006 2267 2046 ama

161 2081 386 2130 exorta
429 2079 545 2126 est.
589 2087 712 2130 nec
753 2081 894 2130 erat
934 2087 1007 2128 ea
1069 2080 1455 2154 tempestate
1542 2065 1869 2144 etisalia,
1936 2063 2117 2146 cujus
2161 2085 2264 2126 se·

109 2169 116 2178 ·
163 2146 443 2210 cundum
471 2147 756 2213 Gallicos
801 2147 1104 2210 tumultus
1147 2167 1321 2222 arma
1360 2085 1761 2240 terribiliora
1788 2159 2026 2223 essent,
2075 2157 2270 2227 quum

162 2229 646 2311 propinquitate
699 2228 870 2310 agri,
931 2239 1062 2287 tum
1124 2227 1533 2289 multitudme
1587 2225 1940 2288 hominum.
2026 2228 2267 2305 Itaque,

163 2309 370 2371 altero
433 2308 766 2369 consulum
819 2309 888 2368 in
933 2309 1190 2374 Samnio
1249 2306 1561 2388 reliquias
1602 2305 1761 2368 belli
1802 2318 2267 2388 persequente,

161 2393 242 2450 P.
289 2391 555 2462 Decius,
601 2387 715 2472 qui
757 2387 1042 2471 graviter
1083 2405 1280 2469 aeger
1321 2389 1563 2449 Romae
1606 2385 1963 2456 restiterat,
2005 2397 2267 2450 auctore

164 2481 392 2531 senatu
437 2465 818 2532 dictatorem
899 2470 970 2529 C.
1015 2469 1281 2530 Junium
1321 2467 1679 2528 Bubulcum
1726 2464 1904 2528 dixit.
1951 2466 2030 2536 is,
2072 2478 2268 2554 prout

161 2551 264 2612 rei
323 2547 697 2629 magnitudo
759 2547 1155 2629 postulabat,
1241 2569 1467 2610 omncs
1520 2547 1806 2622 iuniores
1868 2557 2268 2611 sacramento

163 2629 411 2711 adigit:
473 2649 679 2700 arma,
728 2647 886 2724 quae
983 2649 1017 2689 e
1061 2628 1184 2688 alia
1223 2649 1333 2690 res
1374 2627 1625 2710 poscit,
1667 2647 1907 2688 summa
1950 2623 2268 2688 industria

161 2722 374 2793 parat:
441 2727 564 2770 nec
605 2721 796 2774 tantis
841 2731 876 2770 a
926 2707 1252 2790 paratibus
1308 2709 1509 2770 elatus
1565 2707 1647 2769 de
1690 2704 2035 2770 inserendo
2080 2703 2269 2768 bello

161 2789 380 2874 agitat,
428 2788 762 2870 quieturus
802 2789 973 2851 haud
1013 2785 1230 2862 dubie,
1276 2787 1407 2852 nisi
1448 2789 1617 2850 ultro
1658 2807 1831 2848 arma
1864 2784 2126 2852 Etrusci
2170 2785 2267 2848 in-

163 2871 436 2934 ferrent.
482 2867 724 2936 Eadem
767 2869 838 2932 in
882 2889 1024 2930 com
1073 2868 1313 2930 arando
1357 2867 1857 2948 cohibendoque
1896 2865 2071 2930 bello
2112 2886 2265 2928 con-

161 2951 310 3013 silia
355 2962 420 3010 et
457 2948 626 3032 apud
664 2953 976 3016 Etruscos
1051 2968 1227 3011 uere.
1288 2950 1505 3012 neutri
1546 2947 1785 3010 finibus
1828 2967 1865 3008 e
1914 2946 2102 3017 ressi.
2170 2945 2271 3028 ¹Et

163 3051 438 3094 censura
501 3031 672 3094 clara
733 3052 815 3094 eo
873 3050 1041 3090 anno
1095 3031 1218 3110 Ap.
1280 3029 1529 3092 Claudii
1586 3041 1655 3089 et
1698 3029 1769 3091 C.
1812 3029 1865 3090 P
1894 3026 2052 3094 eutii
2104 3023 2269 3102 suiv,

161 3109 514 3174 memoriae
575 3123 788 3176 tamen
855 3109 1176 3174 felicioris
1237 3109 1321 3172 ad
1378 3122 1681 3206 posteros
1746 3127 1981 3178 nomen
2042 3107 2267 3192 Appii,

163 3191 366 3274 quod⁴
397 3191 566 3254 viam
607 3189 920 3266 munivit,
989 3202 1058 3250 et
1097 3211 1323 3286 aquam
1377 3213 1445 3256 ιιι
1488 3189 1726 3250 Urbem
1780 3185 1997 3260 duxit,
2064 3205 2267 3268 eaque

161 3288 328 3334 unus
367 3269 688 3352 perfecit3
735 3271 905 3356 quia,
949 3269 1033 3332 ob
1077 3265 1385 3334 ibiamem
1424 3283 1615 3351 atque
1658 3265 2043 3330 invidiosam
2083 3287 2265 3328 sena-

159 3367 264 3416 tus
323 3351 672 3414 lectionem
713 3349 1106 3416 verecundia
1145 3352 1359 3416 victus
1386 3393 1403 3424 ‚
1467 3350 1714 3429 collega
1776 3347 2152 3430 magistratu
2194 3367 2267 3413 se

159 3431 587 3495 abdicaverat.
669 3432 956 3516 Appius,
1007 3429 1122 3492 ‘am
1168 3431 1323 3500 inde
1366 3430 1717 3512 antiquitus
1761 3426 2021 3493 insitam
2060 3428 2263 3509 perti-

159 3512 408 3576 naciam
452 3511 736 3574 familiae
780 3451 1106 3595 gerendo,
1149 3513 1327 3575 solus
1372 3531 1709 3574 censuram
1748 3507 2050 3571 obtinuit.
2136 3510 2265 3570 Eo-

161 3592 312 3669 dem
351 3592 568 3674 Appio
611 3607 896 3661 auctore,
941 3591 1188 3666 Potitii,
1231 3612 1391 3675 gens
1431 3592 1531 3669 *),
1578 3587 1759 3668 cujus
1800 3587 1879 3654 ad
1920 3609 2092 3652 aram
2130 3593 2264 3650 Ma-

157 3675 394 3736 ximam
423 3674 724 3734 Herculis
757 3672 1074 3746 familiare
1101 3670 1533 3736 sacerdotium
1566 3671 1801 3744 fuerat,
1842 3689 2069 3732 servos
2102 3667 2263 3750 pub-

159 3756 362 3843 licos,
427 3752 780 3816 ministerii
835 3752 1177 3836 delegandi
1221 3774 1479 3829 caussa,
1542 3748 1877 3826 sollemnia
1919 3748 2055 3828 ejus
2096 3747 2308 3834 sacri-

227 3926 284 3990 Φ)
317 3921 518 3978 Potiu'a
547 3942 675 3996 gem
709 3919 884 3984 Gron.
921 3921 1075 3986 Ctev.
