2534 4309
347 145 482 244 ‚2⁸56
680 165 1090 236 Elui-:n
1191 169 1687 236 mciv.
1795 180 2087 242 [imai.

269 415 274 418 ,
343 352 644 428 Etruriae
687 351 1030 414 amicitiam
1069 352 1438 436 petentibus
1502 375 1659 435 prae
1718 374 1791 416 se
1832 357 2109 417 Romam
2150 356 2243 416 ad
2290 379 2437 420 sem-

345 447 477 494 tum
517 431 758 506 missis,
827 435 1078 508 consul,
1144 435 1625 515 praestantiore
1672 437 1887 508 etiam,
1932 455 2124 518 quam
2172 435 2439 508 dictator,

346 513 616 576 victoria
659 512 1102 594 triumphans,
1187 512 1426 575 Urbem
1486 527 1587 575 est
1643 515 1954 578 invectus.
2037 517 2231 612 Quin
2282 521 2443 578 etiam

346 592 746 656 devictorum
791 594 1166 656 Samnitium
1211 593 1406 656 decus
1449 615 1676 676 magna
1722 616 1801 658 ex
1840 609 2023 678 parte
2068 595 2155 656 ad
2202 599 2447 680 legatos,

342 676 422 736 P.
465 673 744 736 Decium
783 687 850 734 et
891 679 976 734 M.
1025 673 1377 747 Valerium,
1450 687 1551 736 est
1606 696 1895 737 versum:
1965 695 2133 757 quos
2192 681 2451 760 populas

341 754 656 837 proximis
723 753 1002 834 comitiis
1072 753 1321 835 ingenti
1376 775 1699 818 consensu
1764 757 2103 818 consulem
2172 759 2453 830 alterum,
2517 789 2518 802 π

341 835 617 896 alterum
658 847 1024 916 praetorem
1065 833 1439 898 declaravit.

383 930 452 985 U.
489 949 536 984 ο.
577 929 694 994 445,
1019 915 1184 976 XLI.
1267 915 1475 976 Fabio
1532 910 1614 976 ob
1682 892 1967 998 egregie·
2076 915 2451 979 ‹ei-domitam
2517 907 2518 918 ¹

379 1017 427 1050 a.
466 998 526 1051 C.
568 999 688 1064 307.
761 991 769 1000 ’
819 993 1146 1055 Etruriam
1171 995 1579 1056 continuatur
1604 996 2001 1072 consulatus3
2114 998 2303 1060 eeius
2340 1000 2457 1060 col-

341 1081 486 1160 lega
509 1075 735 1142 datur.
818 1074 1118 1136 Valerius
1160 1086 1425 1154 praetor
1458 1087 1752 1158 quartum
1790 1089 2062 1136 creatus.
2147 1079 2453 1139 Consules

233 1159 240 1164 “
345 1156 565 1252 partiti
605 1152 996 1238 provinciae.
1077 1154 1341 1216 Etruria
1386 1155 1615 1227 Decio,
1688 1157 2011 1218 Samnium
2053 1154 2277 1218 Fabio
2320 1177 2449 1218 eve-

345 1250 462 1305 nit.
545 1237 606 1297 Is
645 1235 980 1318 profectus
1023 1235 1104 1295 ad
1147 1235 1493 1296 Nuceriam
1532 1234 1935 1296 Alfaternam
1961 1279 1977 1309 ‚
2044 1249 2185 1298 tum
2292 1259 2449 1299 acen

285 1331 288 1333 ’
347 1329 666 1402 petentes,
709 1313 882 1396 quod
923 1313 1019 1375 uti
1061 1333 1158 1388 ea,
1249 1336 1400 1376 uum
1442 1314 1721 1386 daretur,
1766 1316 2147 1390 noluissent,
2198 1329 2237 1377 a
2284 1339 2449 1399 sper·

347 1411 550 1472 natus,
597 1393 1028 1490 obpugnando
1072 1393 1152 1454 ad
1241 1395 1598 1457 editionem
1640 1395 1917 1478 subegit.
2004 1399 2165 1458 Cum
2218 1398 2451 1460 Samni·

345 1478 517 1542 tibus
559 1475 698 1537 acie
743 1474 1129 1536 dimicatum.
1176 1476 1349 1537 haud
1383 1491 1617 1557 magno
1662 1476 2011 1538 certamine
2054 1475 2293 1538 hostes
2336 1480 2451 1540 vic-

349 1561 436 1622 tit
481 1575 693 1638 neque
738 1555 877 1636 ejus
919 1574 1173 1648 pugnae
1217 1557 1527 1616 memoria
1570 1555 1801 1618 tradita
1842 1556 2049 1630 foret,
2138 1559 2215 1618 ni
2262 1559 2449 1619 Marsi

349 1661 425 1702 eo
486 1636 767 1719 primum
879 1636 1093 1700 roelio
1169 1655 1313 1697 cum
1372 1635 1679 1697 Romanis
1750 1635 2124 1698 bellassent.
2246 1637 2449 1700 Secuti

305 1743 312 1750 ·
349 1726 707 1784 Marsorum
751 1715 830 1774 de
864 1713 1182 1776 ectionem
1224 1715 1475 1796 Peligni
1524 1714 1812 1777 eamdem
1856 1715 2179 1777 fortunam
2220 1717 2453 1780 habue-

347 1809 514 1868 runt.
597 1796 1109 1888 Decio·quoque
1142 1795 1342 1873 ⁵alteri
1384 1797 1637 1858 consuli
1680 1795 1957 1858 secunda
1998 1796 2158 1857 belli
2204 1797 2457 1860 fortuna

347 1891 505 1946 erat.
589 1876 1130 1956 Tarquiniensem
1183 1889 1361 1936 metu
1421 1876 1765 1956 subegerat
1810 1875 2209 1936 frumentum
2274 1897 2455 1938 exer·
2517 1923 2518 1952 5

345 1960 503 2048 citui
542 1956 860 2040 praebere
893 1999 910 2028 ‚
955 1967 1144 2049 atque
1190 1953 1480 2016 inducias
1526 1957 1595 2016 in
1639 1953 2053 2040 quadraginta
2094 1977 2296 2020 annos
2337 1977 2457 2036 pe·
2517 1959 2518 1992 ἒ

348 2143 427 2184 ex
469 2119 552 2181 iis
596 2116 817 2194 diruit,
865 2136 948 2176 ne
989 2117 1403 2197 receptaculo
1444 2115 1741 2176 hostibus
1801 2129 2053 2176 essenti
2112 2117 2457 2178 circumse-

346 2199 633 2284 'rendoqe
675 2196 913 2279 passim
953 2194 1147 2269 bello,
1191 2208 1434 2261 tantuin
1476 2209 1793 2256 terrorem
1836 2195 1938 2256 sui
1962 2194 2170 2268 fecit,
2237 2210 2309 2256 ut
2335 2213 2458 2256 no-

347 2303 494 2344 men
537 2297 728 2342 omne
769 2280 1113 2338 Etruscum
1157 2274 1387 2336 foedus
1436 2274 1534 2336 ab'
1558 2275 1819 2337 consule
1860 2288 2140 2356 peteret.
2226 2279 2323 2338 Ac
2380 2275 2459 2336 de

229 2088 241 2100 .
348 2055 513 2132 tyre.
597 2035 1120 2100 Volsiniensium
1161 2036 1421 2098 castella
1462 2036 1707 2116 aliquot
1746 2034 1813 2098 vi
1854 2035 2056 2116 cepit:
2148 2037 2461 2118 quaedam
2517 2049 2518 2074 l

349 2384 428 2426 eo
562 2358 735 2420 idem
775 2355 937 2417 nihil
981 2355 1388 2436 inpetratum.
1434 2353 1729 2416 induciae
1772 2374 2015 2416 annuae
2074 2355 2283 2418 datae.
2344 2357 2459 2416 sti·
2517 2425 2518 2434 χ

281 2468 285 2473 ·
347 2463 476 2527 pen
521 2443 652 2502 ium
695 2435 1010 2498 exercitui
1051 2437 1345 2496 Romano
1388 2433 1466 2496 ab
1509 2435 1696 2496 hoste
1739 2434 1809 2496 in
1851 2454 1999 2495 eum
2032 2456 2269 2496 annum
2294 2455 2455 2528 pen-

318 2537 504 2594 'sum‚
552 2533 620 2582 et
658 2517 859 2606 bina(
892 2515 1148 2577 tunicae
1190 2512 1257 2576 in
1302 2513 1577 2578 militem
1618 2527 1895 2576 exactae.
1942 2533 2015 2575 ea
2058 2535 2315 2578 merces
2364 2537 2461 2574 in·
2517 2545 2518 2572 i

335 2603 678 2666 'duciarum
736 2597 877 2660 fuit.
984 2599 1155 2655 Tran
1205 2595 1393 2656 uillas
1460 2615 1567 2656 res
1638 2595 1763 2672 jam
1816 2594 2114 2656 Etruscis
2175 2593 2465 2656 turbavit
2517 2609 2518 2650 ξ

346 2705 418 2747 re
469 2680 685 2744 entina
731 2675 1012 2738 desectio
1051 2679 1168 2737 Um
1217 2697 1469 2748 rorum.
1503 2675 1716 2758 gentis
1760 2675 2052 2756 integrae
2094 2697 2129 2734 a
2170 2673 2463 2736 cladibus
2517 2713 2518 2740 1

344 2705 463 2827 bel)

455 2764 504 2826 li
529 2807 545 2836 ‚
609 2759 738 2822 nisi
793 2755 968 2838 quod
1021 2757 1359 2820 transitum
1414 2755 1732 2818 exercitus
1786 2775 1941 2838 ager
1980 2769 2303 2816 senserat.
2388 2755 2459 2822 Ii.

346 2843 659 2910 concitata
703 2839 882 2900 omni
919 2835 1247 2916 juventute
1292 2856 1424 2910 sua,
1471 2849 1536 2897 et
1578 2847 2019 2928 magna-parte
2034 2838 2467 2899 Etruscorum
2516 2839 2518 2916 j

348 2923 430 2988 ad
468 2917 893 2986 rebellionem
937 2918 1285 2996 compulsa,
1328 2929 1569 2976 tantum
1614 2929 1965 2977 exercitum
2006 2913 2325 2979 fecerant.
2371 2927 2459 2984 ut,

238 3065 242 3070 ,
349 3006 582 3068 relicto
623 3013 772 3083 post
811 3018 882 3060 se
927 2995 995 3060 in
1037 2996 1297 3058 Etruria
1338 2995 1582 3069 Decio,
1646 2995 1727 3056 ad
1772 2994 2265 3076 obpugnandam
2305 2994 2461 3054 inde

347 3089 620 3149 Romam
658 3081 885 3151 ituros,
929 3076 1266 3160 magnifice
1312 3075 1393 3138 de
1434 3097 1524 3148 se,
1570 3096 1643 3138 ac
1684 3075 2051 3138 contemtim
2092 3075 2179 3138 de
2220 3077 2461 3136 Roma·
2517 3133 2518 3136 ,

347 3166 450 3229 nis
491 3165 856 3246 loquentes,
901 3155 1228 3240 jactarent.
1314 3156 1506 3250 Quod
1572 3157 1899 3239 inceptum
1954 3175 2179 3217 eorum
2222 3154 2341 3218 ubi
2384 3151 2461 3213 ad
2517 3167 2518 3236 ᾗ

347 3245 623 3318 Decium
667 3238 996 3304 consulem
1053 3239 1370 3320 perlatum
1430 3249 1560 3310 est,
1643 3237 1725 3296 ad
1774 3235 2011 3298 Urbem
2070 3253 2151 3296 ex
2192 3234 2461 3298 Etruria

347 3323 594 3409 magnis
649 3318 992 3382 itineribus
1049 3319 1301 3401 pergit,
1368 3331 1434 3380 et
1487 3316 1556 3378 in
1614 3335 1771 3399 agro
1811 3315 2197 3398 Pupiniensi
2238 3314 2321 3378 ad
2368 3313 2461 3374 fa-

351 3427 515 3472 mam
557 3401 858 3467 intentus
883 3401 1166 3464 hostium
1205 3397 1523 3462 consedit.
1608 3399 1745 3458 Nec
1793 3399 2035 3458 Romae
2104 3393 2463 3476 sperneba-

351 3501 455 3550 tur
493 3483 878 3550 Umbrorum
919 3481 1190 3544 bellum:
1255 3493 1323 3540 et
1374 3477 1554 3560 ipsae
1608 3477 1819 3538 minae
1884 3488 2135 3538 metum.
2163 3475 2463 3537 fecerant

350 3565 636 3649 expertis
681 3561 977 3624 aGallica
1021 3559 1222 3633 clade,
1270 3577 1457 3641 quam
1500 3558 1765 3620 intutam
1796 3555 2035 3618 ‘iirbem
2069 3555 2458 3619 incolerent.

349 3651 568 3727 ltaque
609 3643 806 3723 legati
849 3639 928 3701 ad
946 3641 1216 3703 Fabium
1257 3641 1593 3702 consulem
1630 3637 1815 3700 missi
1856 3650 2023 3708 sunt,
2068 3650 2161 3710 ut,
2204 3637 2267 3697 si
2302 3633 2461 3716 qnid
2517 3649 2518 3710 ξ

348 3719 692 3788 laxamenti
733 3741 767 3780 a
809 3717 984 3784 bello
1027 3720 1409 3786 Samnitium
1450 3731 1643 3792 esset,
1690 3717 1757 3778 in
1800 3715 2125 3782 Umbriam
2168 3732 2461 3806 propere
2517 3737 2518 3778 l

352 3801 703 3867 exereitum
729 3798 1030 3863 duceret.
1111 3801 1307 3866 Dicto
1348 3799 1563 3882 paruit
1601 3798 1863 3864 consul.
1924 3795 2307 3879 magnisque
2352 3795 2463 3854 iti-

349 3881 613 3946 neribus
655 3877 736 3941 ad
776 3881 1157 3953 Mevaniam,
1201 3879 1316 3941 ubi
1354 3893 1489 3941 tum
1540 3877 1769 3972 copiae
1810 3875 2195 3938 Umbrorum
2242 3887 2457 3943 erant,
2517 3893 2518 3896 ¹

346 3957 655 4040 perrexit.
739 3961 1003 4042 Repens
1045 3960 1353 4025 adventus
1395 3959 1682 4022 consulis
1698 4001 1715 4034 ,
1774 3977 1965 4042 quein
2026 3954 2258 4038 procul
2298 3955 2457 4016 Um·
2517 3983 2518 4004 ;
