2534 4309
740 23 1153 134 'Lussn
1248 64 1378 132 ΠΙ.
1477 62 1732 132 Car.
1838 84 2124 149 7o.71.

337 252 491 315 stris
534 250 682 314 snit.
742 254 949 327 Tunc,
993 251 1201 314 adorti
1244 248 1536 333 peditum
1574 250 1802 328 aciem,
1844 252 2100 317 nuntios
2143 251 2224 317 ad
2263 274 2278 317 ι

335 332 507 393 sules
562 332 664 393 rei
720 344 937 413 gestae
987 333 1275 405 mittunt,
1331 330 1443 392 ubi
1497 328 1626 411 jam
1664 330 2086 396 inclinabatur
2135 334 2278 397 bost

334 413 529 473 acies.
592 412 853 473 nuntius
926 410 1160 473 deinde
1222 424 1299 476 et.
1349 410 1753 475 vincentibus
1803 415 2108 476 Romanis
2171 415 2274 475 ani

332 492 547 564 auxit,
592 505 659 553 et
700 490 1064 554 referentes
1104 490 1369 573 gradum
1409 492 1691 573 perculit
1729 492 2012 576 Aequos.
2092 497 2165 555 In
2206 517 2278 555 m·

386 572 615 631 fimum
659 573 798 633 acie
838 572 1013 634 vinci
1058 571 1302 652 coepti,
1367 593 1490 654 qua
1531 572 1883 654 permissus
1927 574 2240 658 equitatus

362 665 605 713 ›averat
644 652 927 715 ordines.
1030 652 1374 719 Sinistrum
1427 649 1658 713 deinde
1717 674 1921 714 cornu
1972 654 2049 715 ab
2109 654 2278 749 Quin

332 732 603 793 consule
643 732 801 814 pelli
842 746 1179 813 coeptum3
1226 732 1296 791 in
1338 730 1948 813 dextro-plurimum
1989 732 2229 795 laboris
2271 756 2278 795 :

330 812 435 872 Ibi
474 812 799 894 Agrippa,
842 826 1045 874 aetate
1086 811 1461 895 viribusque
1501 812 1723 885 ferox,
1786 824 1977 897 quum
2019 813 2192 873 omni
2233 835 2277 895 p

330 908 591 974 pugnae
632 891 859 952 melius
902 912 1007 953 res
1036 890 1103 967 *)
1163 892 1339 973 geri,
1383 912 1570 974 quam
1609 890 1778 974 apud
1820 914 1923 973 se,
1965 890 2248 966 videret,

332 987 521 1065 cepta
575 971 757 1054 signa
806 972 883 1033 ab
926 971 1259 1055 signiferis
1320 972 1460 1053 ipse
1505 972 1786 1047 inferre,
1849 972 2152 1057 quaedam
2203 974 2278 1053 ja«

329 1066 526 1115 etiam
566 1052 635 1110 in
665 1051 993 1115 confertos
1036 1052 1253 1113 hostes
1297 1050 1551 1131 coepit„
1577 1050 1772 1146 Cujus
1813 1052 2200 1135 ignominiae
2241 1074 2278 1113 n

334 1130 639 1193 concitati
681 1130 942 1205 milites,
1005 1131 1298 1191 invasere
1339 1130 1607 1194 hostem.
1672 1146 1759 1193 ita
1797 1146 2060 1227 aequata
2119 1152 2278 1213 exo

326 1224 519 1293 parte
558 1211 835 1273 victoria
878 1225 994 1273 est.
1077 1211 1352 1271 Nuntius
1407 1224 1539 1271 tum
1592 1233 1628 1272 a
1667 1211 1973 1307 Quinctio
2012 1212 2222 1285 venit,

326 1306 543 1353 torem
570 1290 693 1369 jam
729 1310 802 1352 se
842 1291 1157 1353 inminere
1196 1288 1478 1351 hostium
1503 1292 1762 1354 castr-ist
1807 1292 1982 1354 nolle
2019 1292 2274 1373 inrump

327 1384 677 1453 antequam
731 1370 894 1431 sciat
945 1369 1332 1450 debellatum
1395 1384 1462 1432 et
1525 1371 1594 1431 in
1653 1372 1916 1433 sinistro
1985 1390 2188 1434 cornu
2247 1394 2278 1433 e

332 1446 407 1511 Si
450 1450 581 1530 jam
620 1448 899 1511 fudisset
935 1450 1185 1521 hostes,
1232 1449 1561 1513 conferret
1599 1450 1688 1517 ad,
1720 1472 1791 1514 se
1833 1453 2054 1534 signa,
2115 1464 2187 1513 ut
2225 1452 2278 1512 si

331 1532 546 1593 omnis
606 1530 929 1593 exercitus
972 1528 1209 1611 praeda
1253 1530 1592 1611 potiretur.
1673 1530 1904 1597 Victor
1942 1532 2232 1615 Agrippa
2273 1560 2278 1585 ι

328 1624 547 1672 mutua
589 1609 1019 1692 gratulatione
1060 1610 1139 1671 ad
1188 1610 1500 1674 victorem
1541 1611 1846 1694 collegam
1889 1625 2218 1694 castraque
2259 1612 2278 1673 l

330 1692 495 1751 tium
533 1690 736 1751 venit.
810 1689 904 1749 ibi
944 1690 1164 1773 paucis
1225 1686 1756 1765 defendentibus,
1815 1705 2269 1777 momentoque

330 1772 443 1845 sis,
490 1770 633 1833 sine
674 1768 1026 1832 certamine
1068 1770 1137 1831 in
1170 1770 1557 1833 munitiones
1597 1771 2005 1853 inrumpunt:
2047 1770 2278 1853 praeda

332 1850 585 1933 ingenti
627 1863 985 1931 compotem
1016 1850 1384 1923 exercitum,
1431 1850 1563 1911 suis
1605 1850 1796 1912 etiam
1833 1852 2026 1913 rebus
2067 1871 2278 1931 recup«

334 1932 449 1997 tis,
496 1949 660 2013 quae
701 1930 1119 2013 populatione
1162 1950 1461 2012 agrorum
1501 1930 1770 1992 amissae
1815 1943 2033 2004 erant,
2077 1929 2277 1993 reduc

336 2006 757 2091 Triumphum
790 2029 911 2071 nec
952 2010 1131 2091 ipsos
1144 2011 1542 2150 (postulasse,
1587 2030 1707 2072 nec
1748 2008 2022 2071 delatum
2065 2011 2147 2071 iis
2189 2010 2266 2071 ab

334 2102 504 2163 natu,
546 2089 840 2170 accipio:
882 2110 1003 2152 nec
1043 2104 1138 2151 tra
1186 2090 1315 2149 itur
1356 2109 1573 2152 caussa
1613 2090 1817 2183 spreti
1859 2102 1966 2150 aut
2004 2111 2133 2152 non
2173 2110 2278 2171 spe

332 2168 625 2231 honoris.
723 2172 868 2251 Ego
1010 2182 1223 2230 antum
1288 2169 1356 2228 in
1420 2170 1595 2230 tanto
1661 2170 2001 2232 intervallo
2054 2162 2278 2251 tempo}

334 2248 651 2327 conjicio,
764 2270 912 2309 uum
1026 2248 1227 2312 alerio
1280 2262 1467 2332 atque
1507 2248 1779 2310 Horatio
1835 2248 2238 2323 consulibua,

334 2342 595 2409 praeter
636 2330 738 2390 Vo
764 2349 909 2391 scos
971 2342 1037 2391 et
1086 2331 1347 2413 Aequos
1392 2326 1616 2391 Sabini
1668 2328 1860 2389 etiam
1917 2327 2078 2390 belli
2134 2328 2278 2410 peri

336 2408 605 2491 gloriam
699 2424 1039 2491 epererant
1059 2452 1076 2484 ,
1130 2422 1396 2490 negatus
1437 2407 1513 2469 ab
1557 2420 1780 2472 senatu
1819 2407 2177 2491 triumphus
2222 2429 2278 2470 es

338 2509 619 2550 verecun
668 2508 767 2549 tae
825 2488 951 2549 fuit
1019 2510 1141 2571 pro
1199 2502 1381 2570 parte
1438 2484 1704 2549 dimidia
1771 2508 1989 2549 rerum
2045 2490 2278 2551 consuli

334 2582 559 2647 petere
601 2568 1030 2651 triumphum3
1074 2590 1157 2629 ne
1200 2568 1412 2642 etiam,
1447 2569 1515 2649 ‚si
1556 2567 2014 2651 inpetrassent,
2054 2569 2256 2651 magis

338 2648 573 2709 minum
618 2648 809 2723 ratio,
856 2670 1041 2731 quam
1084 2648 1481 2722 meritorum,
1522 2646 1737 2709 habita
1776 2647 2127 2711 videretur.

426 2752 434 2757 ·
487 2730 721 2790 LXXI.
804 2730 1159 2793 Victoriam
1213 2728 1578 2802 honestam,
1661 2747 1741 2787 ex
1799 2726 2092 2791 hostibus
2153 2736 2278 2808 pari

332 2819 521 2889 turpe
567 2808 744 2869 domi
798 2808 880 2870 de
922 2806 1157 2870 finibus
1208 2807 1534 2871 sociorum
1577 2806 1881 2869 ’udicium
1919 2807 2145 2889 populi
2200 2805 2278 2867 de

336 2888 547 2950 mavit.
628 2888 885 2950 Aricini
943 2902 1133 2971 atque
1170 2887 1492 2952 Ardeates
1555 2829 1635 2949 (le
1693 2886 1992 2969 ambiguo
2033 2908 2064 2947 a
2149 2906 2187 2948 o

336 2986 529 3063 saepe
578 2967 759 3030 bello
812 2980 1201 3041 certassent,
1260 2966 1478 3032 multis
1533 2966 1602 3026 in
1653 2966 1860 3031 vicem
1903 2904 2190 3029 cladiffiis
2230 2907 2278 3028 (¹1⁴

336 3043 613 3123 jndicem
655 3049 962 3131 populum
1000 3052 1358 3111 Romanum
1409 3067 1670 3128 cepere.
1753 3044 1964 3137 Quum
2020 3046 2099 3107 ad
2139 3066 2278 3108 cans

338 3126 1029 3207 orandamavenissent,
1072 3126 1352 3189 concilio
1395 3127 1620 3210 populi
1662 3146 1696 3187 a
1737 3126 2208 3210 magistratibus
2252 3124 2278 3187 ὁ

338 3226 557 3289 magna
600 3209 1017 3271 contentione
1057 3221 1288 3271 actum.
1349 3205 1601 3291 jamque
1646 3204 1838 3271 editis
1880 3207 2184 3281 testibus,
2230 3228 2278 3291 q

334 3286 541 3351 tribus
602 3290 820 3351 vocari
838 3332 856 3360 ,
914 3301 979 3349 et
1028 3288 1343 3382 populum
1401 3286 1570 3348 inire
1629 3284 2002 3370 suffragium
2060 3301 2278 3368 oport<

336 3368 670 3450 consurgit
713 3371 785 3429 P.
830 3369 1122 3449 Scaptius
1168 3367 1247 3429 de
1289 3366 1521 3449 plebe,
1562 3386 1792 3448 magno
1835 3380 2025 3428 natu:
2087 3380 2184 3440 et,
2237 3368 2278 3427 S

334 3456 443 3518 cet,
485 3448 718 3531 inquit,
758 3450 1031 3519 consules,
1072 3450 1149 3507 de
1177 3448 1471 3527 republica
1510 3446 1722 3518 dicere,
1765 3466 1961 3509 errat-e
1997 3468 2102 3527 ego
2139 3468 2278 3527 popl

340 3524 401 3583 in
438 3527 549 3587 hac
586 3548 785 3589 caussa
843 3550 963 3589 non
1040 3528 1215 3587 alima
1301 3528 1683 3623 Quum,‘ut
1721 3548 1980 3601 vanum,
2043 3548 2188 3589 eum
2228 3550 2278 3587 n·

339 3618 483 3667 rent
531 3606 832 3671 consules
891 3630 969 3669 au
1020 3606 1278 3669 iendum
1321 3628 1502 3681 esse,
1569 3606 2194 3691 vociferantemque,
2247 3630 2278 3685 Ῑ.

338 3686 627 3761 publicam
664 3708 946 3787 caussam,
988 3687 1363 3751 submoveri
1391 3686 1751 3770 jussissent,
1789 3684 2093 3751 tribunos
2126 3686 2278 3770 adpe

404 3854 459 3917 Ἶ
492 3872 599 3906 nm
630 3855 803 3911 Gron.
850 3854 1004 3911 Cret
