2534 4309
2115 0 2533 18 ‘'—W—*ffi

445 163 845 230 Lmen
942 164 1090 244 vn.
1190 117 1448 233 cai».
1550 129 1831 245 58ζ59.
2029 159 2163 246 549

51 345 312 420 dono,
372 367 530 440 quae
589 349 655 410 in
697 347 1008 440 Capitolio
1068 349 1132 406 in
1175 348 1377 418 ,Iovis
1418 349 1579 410 cella
1616 362 1981 430 poneretur.
2044 349 2169 412 fuit
2265 374 2273 382 ·

1 452 3 457 ·
45 424 314 508 pondo
369 428 596 508 viginti
652 447 952 510 qumque.
1047 421 1355 488 Consules
1411 427 1594 488 ambo
1648 428 1729 490 de
1782 429 2167 492 Samnitibus

1 560 3 563 ,
47 503 604 586 triumpharunt,
663 521 970 588 sequente
1010 507 1214 568 Decio
1260 506 1499 590 insigni
1542 525 1683 568 cum
1724 505 1905 568 laude
1948 508 2165 572 ‹lonis-

45 603 256 666 que:
325 605 516 666 quum
575 585 902 648 incondito
959 584 1215 646 militari
1255 585 1401 665 joco
1454 584 1624 646 haud
1662 585 1868 646 minus
1928 582 2169 676 tribuni·

45 662 359 724 celebre
401 685 653 738 nomen,
701 686 886 748 quam
926 659 1274 738 consulum,
1320 677 1511 726 esset.
1556 667 2012 747 Campanorum
2053 667 2162 728 de·
2227 740 2231 751 1

46 741 248 804 inde
295 743 946 827 Suessulanorumque
969 741 1034 822 *)
1095 744 1341 806 auditae
1395 745 1459 806 le
1504 743 1787 806 ationes:
1847 743 2161 838 precanti-

41 823 343 902 busque
395 821 634 898 datum,
701 836 772 884 ut
810 821 1199 906 praesidium
1241 846 1319 886 eo
1363 823 1431 884 in
1524 823 1745 884 iberna
1786 833 2161 898 mitteretur,

43 921 210 984 quo
265 902 642 965 Samnitium
683 903 1094 966 excursiones
1139 917 1528 992 arcerentur.
1612 907 1749 966 Jam
1798 917 1931 964 tum
1972 904 2161 966 mini-

43 999 178 1042 me
252 981 526 1042 salubris
576 982 833 1044 militari
874 981 1034 1042 disci
1081 981 1248 1046 linae
1290 985 1499 1076 Capua
1554 981 1973 1046 instrumento
2026 1005 2161 1046 om·

41 1061 270 1122 nium
329 1062 740 1142 voluptatium
782 1063 888 1138 aa)
951 1060 1029 1122 de
1059 1061 1264 1123 enites
1320 1064 1587 1124 militum
1636 1062 1878 1126 animos
1932 1063 2162 1125 avertit

43 1164 86 1202 a
119 1139 459 1202 memoria
495 1143 774 1222 patriae:
820 1140 1263 1222 inibanturque
1306 1142 1571 1204 consilia
1614 1140 1682 1202 in
1720 1141 2008 1204 hibernis
2049 1163 2160 1206 eo·

44 1221 235 1282 (lem
280 1220 528 1283 scelere
569 1219 940 1284 adimendae
983 1221 1315 1304 Campanis
1358 1224 1637 1304 Capuae,
1690 1241 1811 1314 per
1855 1219 2023 1302 quod
2064 1222 2161 1284 illi

44 1319 228 1362 eam
271 1296 548 1378 antiquis
592 1299 942 1360 cultoribus
985 1299 1408 1362 ademissent:
1453 1321 1637 1378 neque
1679 1303 1954 1360 mmerito
1993 1323 2165 1363 suum

45 1383 354 1461 ipsorum
393 1379 720 1458 exemplum
761 1380 824 1439 in
862 1399 960 1441 eos
1000 1401 1319 1440 versurum.
1369 1381 1492 1441 Cur·
1530 1389 1727 1440 autem
1761 1381 1953 1460 potins
1979 1381 2160 1442 Cam-

43 1457 238 1542 ραηί
286 1477 498 1537 agrum
535 1459 752 1520 Italiae
807 1460 1201 1528 uberrimum,
1266 1459 1517 1540 dignam
1558 1479 1705 1536 agro
1762 1461 1997 1530 urbem,
2062 1463 2165 1540 qui

53 1558 190 1599 nec
237 1555 301 1596 se
346 1557 454 1596 nec
479 1558 585 1598 sua
625 1539 812 1599 tutari
831 1548 1084 1619 possent,
1129 1559 1307 1616 quam
1342 1540 1529 1598 vietor
1567 1540 1859 1598 exereitus
1898 1539 2173 1612 haberet,

51 1618 184 1698 qui
227 1612 348 1676 'suo
387 1621 601 1688 sudore
641 1635 713 1677 ae
772 1619 1058 1698 sanguine
1099 1619 1238 1678 inde
1279 1619 1573 1678 Samnites
1624 1615 1999 1698 depulisset?
2057 1621 2175 1680 An.

53 1717 348 1774 aequum
385 1715 533 1766 esse,
575 1697 888 1760 dediticios
925 1707 1059 1760 suo‘s
1100 1698 1206 1756 illa
1228 1697 1551 1774 fertilitate
1593 1707 1764 1776 atque
1805 1697 2161 1758 amoenitate

49 1775 354 1857 persssrm}
393 1795 452 1836 se
471 1816 492 1845 ‚
535 1777 844 1838 militando
867 1779 1082 1854 fossos,
1125 1777 1190 1835 ἰη
1223 1778 1526 1856 pestilente
1569 1787 1740 1856 atque
1782 1778 1955 1837 arido
1996 1779 2159 1838 circa

61 1857 320 1916 Urbem
353 1855 477 1913 solo
517 1855 750 1926 luctari,
792 1867 898 1916 aut
934 1857 998 1915 in
1037 1857 1178 1916 urbe
1221 1854 1594 1917 insidentem'
1614 1859 1805 1924 tabem
1846 1860 2159 1920 crescentis

57 1938 134 1995 in
185 1935 325 1992 dies
345 1934 624 2010 foenoris
655 1931 828 2013 pati?
907 1937 1083 1997 Haec
1126 1935 1373 2018 agitata
1397 1936 1659 1998 occultis
1701 1934 2157 2016 conjurationi-

57 2017 200 2076 bus
221 2056 237 2084 ,
297 2011 569 2073 necdum
618 2015 865 2096 vulgata
921 2013 986 2074 in
1042 2035 1261 2077 omnes
1314 2015 1609 2088 consilia,
1670 2014 1913 2077 invenit
1950 2037 2155 2080 novus

57 2091 314 2156 consul
374 2093 444 2152 C.
486 2093 760 2154 Marcius
816 2095 1098 2168 Rutilus,
1159 2095 1262 2156 cui
1320 2095 1653 2176 Campania
1772 2107 1839 2160 U.
1877 2128 1924 2167 c.
1968 2113 2088 2173 415.

57 2185 262 2234 sorte
329 2168 610 2233 rovincia
647 2187 969 2248 evenerat,
1014 2177 1096 2266 Q
1117 2174 1392 2236 Servilio
1416 2175 1675 2268 coilega·
1779 2194 1831 2233 a.
1870 2177 1932 2235 C.
1972 2179 2089 2252 359.

55 2251 154 2314 ad
205 2253 300 2312 Ur
345 2271 445 2311 em
501 2251 750 2313 relicto.
835 2255 1051 2334 Itaque
1107 2274 1297 2335 quum
1352 2275 1560 2316 omnia
1602 2273 1709 2328 ea,
1771 2255 1937 2317 sieut
1976 2271 2176 2338 gesta.
2242 2263 2251 2272 '

57 2341 305 2402 erant,
366 2347 486 2412 per
526 2332 817 2393 tribunos
859 2347 1179 2416 comperta
1218 2333 1519 2414 haberet,
1582 2347 1647 2402 et
1687 2347 1889 2404 aetate
1933 2352 1998 2404 et
2036 2361 2154 2404 usu

57 2413 316 2472 doctus
337 2451 354 2484 ,
399 2409 664 2492 (quippe
707 2411 820 2494 qui
857 2411 984 2492 jam
1023 2429 1313 2510 quartum
1353 2419 1576 2482 consul
1620 2419 1809 2496 esset,
1853 2419 2151 2484 dictator-

57 2509 210 2572 que
255 2501 324 2549 et
361 2506 594 2552 censor
636 2491 892 2572 fuisset)
934 2509 1242 2577 optimum
1283 2512 1488 2574 ratus,
1528 2497 1909 2562 'differendo
1950 2523 2149 2584 spem,

57 2567 605 2653 quandocumque
645 2572 902 2650 vellent,
946 2575 1196 2639 con‘silii
1223 2576 1635 2674 exsequendi,
1675 2581 2012 2642 militarem
2051 2583 2151 2642 in-

57 2662 304 2732 petum
343 2647 672 2728 frustrari3
715 2673 1038 2717 rumorem
1079 2655 1367 2740 dissipat,
1408 2681 1477 2719 in
1517 2657 1749 2720 iisdem
1791 2661 2042 2744 oppidis
2087 2678 2151 2726 et

57 2747 247 2789 anno
303 2742 450 2808 post
489 2731 806 2812 praesidia
847 2733 1293 2799 hibernatura.
1356 2737 1559 2801 divisa
1597 2739 1769 2800 enim
1811 2755 1991 2802 erant
2028 2764 2151 2825 pen

57 2805 461 2900 Campaniae
499 2807 713 2884 urbes,
755 2829 1284 2897 manaverantque
1326 2839 1360 2880 a
1389 2815 1597 2910 Cap‘ua
1637 2819 1903 2881 consilia
1944 2820 2010 2882 in
2037 2843 2151 2886 ex·-

57 2899 354 2982 ercitum
390 2909 658 2949 omnem.
703 2893 804 2956 Eo
845 2894 1195 2960 laxamento
1238 2896 1727 2980 cogitationibus
1756 2898 1921 2974 dato,
1967 2900 2148 2984 quie-

53 2979 158 3030 vit
207 2987 277 3024 in
317 2969 673 3046 praesentia
713 2971 966 3038 seditio.
1522 3037 1528 3046 ,
1810 3029 1813 3034 .

231 3045 521 3108 XXXIX.
566 3049 822 3125 Consul,
867 3053 1095 3116 educ-to
1136 3053 1206 3116 in
1246 3054 1481 3122 aestiva
1506 3055 1729 3131 milite,
1774 3051 1941 3120 dum⁴
1966 3061 2141 3143 quie..

54 3141 170 3188 tos
246 3125 563 3190 Samnites
625 3127 925 3206 habebat,
995 3136 1344 3199 exercitum
1440 3157 1671 3220 urgare
1730 3137 2141 3204 missionibus

49 3203 582 3268 turbulentorum
630 3207 954 3272 hominum
995 3211 1298 3292 instituit,
1362 3241 1393 3280 a
1421 3215 1501 3277 iis
1556 3215 1819 3278 emerita
1871 3217 2140 3286 dicendo

53 3285 390 3423 stipendia
421 3306 585 3361 esse,
626 3289 782 3352 alios
823 3311 1046 3374 graves
1087 3294 1210 3373 jam
1249 3311 1452 3360 aetate
1494 3295 1599 3357 a'ut
1637 3295 1879 3361 viribus
1918 3322 2143 3382 parum

51 3385 138 3426 va
171 3361 339 3424 idos.
384 3365 636 3446 quidam
664 3368 733 3428 in
764 3386 1146 3434 commeatus
1180 3375 1607 3448 mittebantur,
1651 3374 2139 3461 singuliprimo,

55 3441 314 3507 deinde
367 3457 431 3506 et
482 3443 778 3510 cohortes
832 3451 1138 3530 quaedam
1157 3497 1173 3527 ,
1237 3457 1384 3537 quia
1435 3457 1659 3538 procul
1714 3457 1791 3516 ab
1834 3457 2023 3523 domo
2066 3483 2138 3523 ae

53 3521 268 3584 rebus
308 3523 441 3585 suis
481 3522 943 3592 hibernassent.
1025 3533 1155 3594 Per
1203 3535 1485 3620 speciem
1535 3534 1731 3598 'etiam
1773 3537 2138 3602 militarium

54 3621 346 3674 usuum,
372 3621 562 3684 quum
601 3605 710 3666 alii
751 3607 874 3671 alio
918 3610 1350 3690 mitterentur,
1395 3637 1617 3699 magna
1650 3637 1800 3699 pars
1842 3618 2134 3700 ablegati.
2220 3655 2227 3660 -

59 3699 255 3762 quam
299 3677 766 3748 multitudinem
793 3691 1016 3752 consul
1056 3691 1216 3755 alter
1256 3697 1497 3758 Romae
1535 3709 1943 3778 praetorque,
1981 3697 2135 3758 alias

127 3845 190 3916 ⁸)
224 3839 544 3918 dc'Kreyss.
581 3836 1040 3932 Saunium-umque
1072 3857 1244 3934 §rom
1259 3851 1419 3921 “Crem
1456 3859 1623 3924 Drak.
1692 3863 1779 3930 ⁸³)
1815 3865 2135 3936 yoluptaam

237 3911 406 3970 Grtm.
444 3915 596 3978 (ἔην.
