2534 4309
297 99 329 268 ἶ
393 149 1004 274 Lisssn‘vl.
1079 113 1160 217 TC
1213 169 1252 214 Α
1309 131 1365 218 ι·.ι
1464 144 1581 216 51.
1635 147 1747 220 32.
1801 147 1941 217 55..
2012 147 2175 219 ⁴501
2282 235 2291 242 ⁸

79 333 487 415 quibusdam
529 333 812 408 exustis,
879 353 1008 394 non
1048 334 1281 396 arbore
1324 333 1673 417 frugifera,
1750 357 1877 398 non
1920 336 2075 418 satis
2116 336 2187 404 in

73 435 280 494 spem
327 415 576 498 frugum
621 415 890 488 relictis,
933 416 1126 492 omni,
1173 436 1332 499 quae
1375 431 1551 478 extra
1589 415 1841 500 moenia
1881 417 2025 490 fuit,
2068 418 2185 480 ho·

73 497 340 554 minum
403 495 843 578 pecudumque
899 491 1135 574 praeda
1211 495 1471 570 abacta,
1550 497 1817 559 Romam
1864 499 2186 581 utrimque

73 579 424 638 exercitus
467 575 736 636 reducti.
1519 616 1524 621 -

260 657 520 733 xxxu.
607 659 811 717 Parvo
855 653 1190 718 intervallo
1233 649 1313 716 ad
1376 653 1823 735 respirandum
1875 649 2184 718 debitori-

75 733 210 794 bus
255 734 428 806 dato,
472 748 806 818 postquam
850 737 1106 818 quietae
1147 755 1254 796 res
1295 734 1374 796 ab
1416 734 1707 797 hostibus
1750 750 1965 818 erant,
2010 736 2183 798 cele-

73 813 273 874 brari
320 814 398 874 de
429 815 696 896 'integro
737 814 1138 894 jurisdicti03
1212 827 1279 875 et
1328 827 1571 876 tantum
1613 814 1837 886 abesse
1880 834 2029 897 spes
2069 836 2183 878 ve-

71 894 254 954 teris
297 893 552 956 levandi
594 896 882 957 foenoris
906 938 923 968 ,
983 909 1052 956 ut
1089 895 1331 974 tributo
1384 915 1617 956 novum
1660 895 1887 956 somus
1930 908 2182 956 contra.

71 972 361 1034 heretur
403 974 470 1034 in
509 995 790 1060 murum,
863 997 899 1035 a
941 974 1322 1048 censoribus
1348 973 1633 1056 'locatum
1676 995 1825 1036 saxo
1880 975 2189 1058 quadrato

71 1051 482 1116 faciundum.
543 1056 645 1118 cui
699 1056 1113 1122 succumbere
1171 1055 1359 1117 oneri
1388 1069 1631 1116 ‘coacta
1680 1053 1936 1137 plebes3
2010 1055 2179 1138 quia,

74 1154 292 1216 quem
333 1135 652 1196 delectum
695 1135 1086 1216 inpedirent,
1137 1157 1264 1196 non
1308 1135 1627 1197 habebant
1665 1136 1906 1204 tribuni
1949 1134 2181 1217 plebis.

75 1214 429 1284 Tribunos
472 1215 659 1276 etiam
699 1217 1006 1278 militares
1049 1215 1355 1296 patricios
1398 1235 1641 1289 omnes,
1686 1229 1899 1278 coacta
1938 1213 2184 1296 princi-2

75 1313 246 1374 pum
291 1293 546 1374 opibus,
591 1295 783 1367 fecit,
827 1301 900 1358 L.
945 1295 1322 1369 Aemilium,
1380 1297 1454 1354 P.
1496 1295 1827 1358 Valerium
1868 1309 2179 1380 quartum,

73 1378 152 1436 C.
221 1373 598 1449 Veturium,
674 1377 814 1438 Ser.
879 1375 992 1448 Su]
1041 1375 1273 1448 icium,
1338 1350 1414 1436 132.
1469 1388 1537 1437 et
1592 1377 1663 1437 C.
1786 1389 1859 1446 U,
1896 1407 1943 1445 c,
1983 1391 2099 1458 378.

73 1453 436 1540 Quinctios
480 1456 912 1520 Cincinnatos.
1027 1455 1228 1516 isdem
1274 1455 1664 1536 opibus'ob-
1782 1475 1829 1508 a.
1868 1457 1931 1514 C.
1972 1459 2114 1526 ὄμμ’

75 1543 370 1608 tinuere,
415 1549 486 1596 ut
523 1534 829 1600 adversus
870 1535 1133 1598 Latinos
1175 1535 1595 1617 Volscosque,
1740 1535 1763 1595 i
1822 1535 2182 1616 conjunctis

75 1614 457 1698 legionibus
499 1616 578 1676 ad
599 1615 918 1678 Satricum
957 1629 1160 1678 castra
1202 1613 1539 1687 habebant,
1584 1637 1671 1677 nu
1696 1617 1760 1676 lo
1803 1614 2182 1696 inpediente

77 1695 390 1758 omnibus
445 1693 806 1774 junioribus
879 1710 1275 1759 sacramento
1330 1694 1567 1772 adacti-s
1588 1739 1605 1768 ,
1688 1709 1819 1758 tres
1865 1697 2181 1760 exercitus
2270 1771 2275 1774 ¹

77 1777 491 1840 scriberent:
533 1797 731 1838 unum
772 1775 853 1837 ad
894 1773 1293 1857 praesidium·
1325 1775 1553 1852 Urbis3
1599 1775 1903 1851 alterum,
1948 1776 2077 1860 qui,
2119 1777 2179 1840 si

81 1857 204 1941 qui
245 1855 402 1916 alibi
443 1869 651 1919 motus
695 1855 1080 1928 exstitisset,
1144 1853 1224 1916 ad
1265 1853 1470 1918 subita
1509 1855 1873 1934 belli-mitti
1912 1871 2179 1938 possem

77 1936 374 2006 tertium,
419 1935 610 2019 longe
656 1935 1133 2016 validissimum,
1175 1939 1251 1997 P.
1297 1936 1600 1999 Valerius
1642 1949 1709 1996 ct
1746 1939 1823 1998 L:
1864 1937 2180 2000 Aemilius

77 2018 164 2078 ad
185 2015 504 2078 Satricum
549 2017 826 2079 duxere:
871 2017 982 2078 ubi
1025 2035 1216 2098 quum
1256 2016 1457 2077 aciem
1482 2015 1859 2084 instructam
1897 2016 2183 2080 bostium

77 2099 234 2159 loco
275 2107 484 2176 aequo
527 2079 946 2171 invenissent,
991 2095 1311 2175 extemplo
1352 2109 1731 2182 pugnatum:
1778 2110 1863 2171 et,
1904 2111 1976 2158 ut
2012 2118 2179 2158 non..

79 2177 238 2238 dum
283 2179 436 2238 satis
479 2178 713 2238 claram
753 2177 1111 2249 victoriam,
1159 2176 1252 2238 sic
1295 2195 1647 2256 prosperae
1700 2177 1843 2256 spei
1896 2198 2177 2260 puguant

77 2256 708 2338 imber'ingentibus
765 2257 1074 2340 procellis
1129 2255 1311 2318 fusus
1372 2253 1651 2318 diremit.
1750 2259 2022 2319 Postero
2066 2256 2177 2322 die

79 2339 321 2398 iterata
360 2357 610 2433 gugnaz
697 2349 762 2400 et
816 2336 1202 2420 aliquamdiu
1255 2355 1455 2418 aequa
1510 2335 1747 2398 virtute
1788 2335 2041 2400 fortuna
2134 2359 2173 2400 e

77 2416 360 2478 Latinae
397 2417 671 2478 maxime
714 2417 1038 2500 legiones,
1104 2418 1299 2500 longa
1358 2415 1665 2478 societate
1704 2415 1999 2486 militiam
2100 2439 2171 2480 o-

75 2495 654 2574 manamedoctae,
703 2498 1047 2560 restabant.
1091 2517 1287 2579 eques
1330 2497 1628 2559 inmissus
1673 2495 1933 2558 ordines
1955 2499 2173 2560 turba·-

77 2577 220 2654 vit3
266 2573 534 2638 turbatis
577 2577 755 2660 signa
797 2579 1084 2658 peditum
1127 2577 1356 2638 inlatae
1448 2561 1831 2661 uantumqne
1888 2581 2175 2645 Romana

75 2677 152 2720 se
195 2657 442 2717 invexit
481 2658 678 2730 acies,
721 2671 962 2720 tantum
1013 2658 1233 2720 hostes
1289 2677 1401 2739 gra
1446 2679 1497 2718 u·
1531 2655 1803 2720 demoti:
1850 2671 1917 2719 et
1956 2673 2027 2720 ut
2066 2681 2172 2722 se-

77 2737 208 2798 mel
252 2737 585 2800 inclinavit
623 2757 870 2820 pugna,
911 2739 1038 2820 jam
1077 2735 1501 2802 intolerabilis
1542 2739 1823 2799 Romana
1865 2739 2167 2802 viserat.
2234 2737 2243 2744 ’

78 2815 240 2878 Fusi
286 2815 500 2878 hostes
545 2827 747 2901 quum'
777 2819 1128 2892 Satricum,
1175 2817 1349 2900 quod
1391 2816 1515 2880 duo
1566 2818 1765 2884 millia
1793 2817 1971 2882 *inde
2016 2819 2169 2884 abe-

74 2909 196 2969 rat,
241 2917 374 2958 non
413 2913 634 2973 castra,
678 2911 998 2979 peterent,
1057 2897 1136 2960 ab
1179 2898 1463 2982 equitatu
1500 2899 1769 2960 maxime
1808 2899 2002 2963 caesi.
2064 2922 2167 2964 ca-

75 2989 210 3038 stra
254 2989 433 3057 capta
479 2977 874 3062 direptaque.
907 2969 924 2992 ⁸
972 2978 1072 3040 Ah
1119 2979 1370 3040 Satrico
1408 2992 1637 3056 nocte,
1706 2999 1866 3060 quae
1906 2982 2169 3061 proelio

75 3055 376 3138 proxima
437 3055 592 3131 fuit,
675 3059 867 3140 fugae
926 3058 1124 3140 simili¹
1163 3060 1417 3140 agmine
1458 3071 1686 3140 petunt
1723 3057 2015 3120 Antium:
2100 3077 2169 3126 et

79 3157 276 3220 quum
353 3137 674 3201 Romanus
739 3140 1060 3202 exercitus
1125 3155 1333 3220 prope
1392 3139 1685 3222 vestigiis
1756 3153 2163 3222 sequeretur,

75 3219 222 3308 plus
265 3229 478 3278 tamen
516 3219 740 3290 timor,
817 3239 1004 3304 quam
1041 3218 1134 3280 ira
1157 3262 1175 3292 ‚
1231 3220 1579 3284 celeritatis
1636 3217 1876 3282 hahuit.
1968 3223 2163 3286 Prius

75 3311 296 3379 itaque
335 3297 588 3360 moenia
631 3298 954 3376 intravere
1005 3296 1258 3374 hostes,
1324 3321 1511 3382 quam
1563 3303 1887 3362 Romanus
1944 3317 2162 3366 extre-

75 3397 174 3436 ma
215 3375 486 3459 agminis
529 3399 636 3440 car
685 3399 796 3441 ere
839 3393 954 3441 aut·
983 3378 1217 3441 morari
1261 3395 1502 3460 posset.
1558 3379 1709 3441 inde
1740 3381 1980 3464 aliquot
2020 3381 2161 3460 dies

73 3455 378 3518 vastando
419 3477 574 3538 agro
616 3480 648 3517 a
699 3461 927 3534 s'umti,
973 3479 1094 3521 nec
1133 3461 1439 3520 Romanis
1482 3461 1635 3523 satis
1664 3461 2007 3525 ‚instructis
2048 3465 2161 3525 ad·

75 3550 296 3617 paratu
336 3535 572 3600 bellico
613 3537 692 3598 ad
731 3540 992 3602 moenia⁸
1043 3537 1510 3623 adgredienda,
1552 3539 1673 3602 nec
1714 3541 1848 3604 illis
1886 3541 1967 3604 ad
2006 3545 2161 3608 snb-

75 3616 352 3678 cundum
392 3621 642 3700 pugnae
685 3639 918 3681 casum.
2026 3653 2034 3661 ·

227 3689 519 3759 xxxm.
631 3697 882 3793 Seditio
957 3713 1090 3762 tum
1167 3696 1339 3762 inter
1405 3700 1694 3763 Antiates
1764 3701 2159 3790 Latinosque

75 3791 332 3856 coorta3
373 3799 566 3861 quum
608 3779 930 3854 Antiates,
992 3779 1148 3844 victi
1189 3780 1373 3842 malis
1416 3779 1787 3862 subactique
1830 3783 2045 3856 bello,
2086 3787 2160 3848 in

75 3877 194 3936 quo
239 3869 306 3920 ct
342 3859 489 3920 nati'
515 3874 736 3931 erant,
793 3874 860 3922 et
898 3875 1411 3934 consenuerant,
1474 3859 1867 3926 deditionem
1906 3877 2159 3945 specta-

75 3949 256 4016 rent3
297 3939 564 4003 Latinos
607 3959 688 4002 ex
727 3939 974 4010 diutina
1015 3961 1174 4023 pace
1225 3959 1389 4008 nova
1444 3940 1727 4006 defectio
1788 3941 2157 4008 recentibus
