<?xml version="1.0" encoding="UTF-8"?>
<!DOCTYPE html PUBLIC "-//W3C//DTD XHTML 1.0 Transitional//EN"
    "http://www.w3.org/TR/xhtml1/DTD/xhtml1-transitional.dtd">
<html xmlns="http://www.w3.org/1999/xhtml" xml:lang="en" lang="en">
 <head>
  <title>
</title>
<meta http-equiv="Content-Type" content="text/html;charset=utf-8" />
  <meta name='ocr-system' content='tesseract 3.04.00' />
  <meta name='ocr-capabilities' content='ocr_page ocr_carea ocr_par ocr_line ocrx_word'/>
</head>
<body>
  <div class='ocr_page' id='page_1' title='image "./tliviipatavinih00barbgoog_0092.png"; bbox 0 0 2534 4309; ppageno 0'>
   <div class='ocr_carea' id='block_1_1' title="bbox 20 1424 222 1504">
    <p class='ocr_par' dir='ltr' id='par_1_1' title="bbox 20 1424 222 1504">
     <span class='ocr_line' id='line_1_1' title="bbox 20 1424 222 1504; baseline -0.005 0"><span class='ocrx_word' id='word_1_1' title='bbox 20 1424 150 1504; x_wconf 52' lang='grc' dir='ltr'><strong>5·ἐὰ</strong></span> <span class='ocrx_word' id='word_1_2' title='bbox 163 1458 180 1498; x_wconf 92' lang='grc'><strong>,·</strong></span> <span class='ocrx_word' id='word_1_3' title='bbox 193 1484 222 1503; x_wconf 49' lang='lat' dir='ltr'><strong>s</strong></span> 
     </span>
    </p>
   </div>
   <div class='ocr_carea' id='block_1_2' title="bbox 190 84 2041 215">
    <p class='ocr_par' dir='ltr' id='par_1_2' title="bbox 190 84 2041 215">
     <span class='ocr_line' id='line_1_2' title="bbox 190 84 2041 215; baseline 0.002 -6"><span class='ocrx_word' id='word_1_4' title='bbox 190 84 390 209; x_wconf 17' lang='lat' dir='ltr'><strong>-NBo</strong></span> <span class='ocrx_word' id='word_1_5' title='bbox 679 141 1092 213; x_wconf 67' lang='lat' dir='ltr'><strong>Lissa</strong></span> <span class='ocrx_word' id='word_1_6' title='bbox 1188 142 1280 211; x_wconf 91' lang='lat'><strong>11.</strong></span> <span class='ocrx_word' id='word_1_7' title='bbox 1382 116 1643 215; x_wconf 56' lang='lat' dir='ltr'><strong>Cs&#39;s&#39;.</strong></span> <span class='ocrx_word' id='word_1_8' title='bbox 1746 136 2041 212; x_wconf 60' lang='lat' dir='ltr'><strong>ambi.</strong></span> 
     </span>
    </p>
   </div>
   <div class='ocr_carea' id='block_1_3' title="bbox 297 325 2415 1546">
    <p class='ocr_par' dir='ltr' id='par_1_3' title="bbox 297 325 2415 1546">
     <span class='ocr_line' id='line_1_3' title="bbox 297 325 2408 414; baseline 0 -19"><span class='ocrx_word' id='word_1_9' title='bbox 297 330 546 406; x_wconf 81' lang='lat' dir='ltr'><strong>consul,</strong></span> <span class='ocrx_word' id='word_1_10' title='bbox 591 330 662 393; x_wconf 86' lang='lat' dir='ltr'><strong>in</strong></span> <span class='ocrx_word' id='word_1_11' title='bbox 699 325 976 393; x_wconf 86' lang='lat' dir='ltr'><strong>Volscos</strong></span> <span class='ocrx_word' id='word_1_12' title='bbox 1013 328 1371 410; x_wconf 75' lang='lat' dir='ltr'><strong>profectus,</strong></span> <span class='ocrx_word' id='word_1_13' title='bbox 1414 350 1500 393; x_wconf 82' lang='lat' dir='ltr'><strong>ne</strong></span> <span class='ocrx_word' id='word_1_14' title='bbox 1542 342 1608 393; x_wconf 87' lang='lat' dir='ltr'><strong>et</strong></span> <span class='ocrx_word' id='word_1_15' title='bbox 1648 332 1793 413; x_wconf 88' lang='lat' dir='ltr'><strong>ipse</strong></span> <span class='ocrx_word' id='word_1_16' title='bbox 1834 326 2079 408; x_wconf 72' lang='lat' dir='ltr'><strong>tereret</strong></span> <span class='ocrx_word' id='word_1_17' title='bbox 2116 344 2408 414; x_wconf 84' lang='lat' dir='ltr'><strong>tempus,</strong></span> 
     </span>
     <span class='ocr_line' id='line_1_4' title="bbox 299 407 2411 493; baseline -0.002 -15"><span class='ocrx_word' id='word_1_18' title='bbox 299 412 628 478; x_wconf 76' lang='lat' dir='ltr'><strong>vastandis</strong></span> <span class='ocrx_word' id='word_1_19' title='bbox 666 409 938 472; x_wconf 81' lang='lat' dir='ltr'><strong>maxime</strong></span> <span class='ocrx_word' id='word_1_20' title='bbox 998 410 1171 489; x_wconf 78' lang='lat' dir='ltr'><strong>egris</strong></span> <span class='ocrx_word' id='word_1_21' title='bbox 1227 408 1485 473; x_wconf 87' lang='lat' dir='ltr'><strong>hostem</strong></span> <span class='ocrx_word' id='word_1_22' title='bbox 1549 407 1630 472; x_wconf 85' lang='lat' dir='ltr'><strong>ad</strong></span> <span class='ocrx_word' id='word_1_23' title='bbox 1688 408 2084 473; x_wconf 75' lang='lat' dir='ltr'><strong>conferenda</strong></span> <span class='ocrx_word' id='word_1_24' title='bbox 2124 408 2411 493; x_wconf 78' lang='lat' dir='ltr'><strong>propius</strong></span> 
     </span>
     <span class='ocr_line' id='line_1_5' title="bbox 297 487 2410 575; baseline -0.002 -20"><span class='ocrx_word' id='word_1_25' title='bbox 297 508 505 556; x_wconf 78' lang='lat' dir='ltr'><strong>castra</strong></span> <span class='ocrx_word' id='word_1_26' title='bbox 547 487 1105 575; x_wconf 79' lang='lat' dir='ltr'><strong>dimicandumque</strong></span> <span class='ocrx_word' id='word_1_27' title='bbox 1163 490 1305 569; x_wconf 71' lang='lat' dir='ltr'><strong>acie</strong></span> <span class='ocrx_word' id='word_1_28' title='bbox 1366 489 1691 553; x_wconf 50' lang='lat' dir='ltr'><strong>excivitw*</strong></span> <span class='ocrx_word' id='word_1_29' title='bbox 1704 488 1925 552; x_wconf 80' lang='lat' dir='ltr'><strong>Medio</strong></span> <span class='ocrx_word' id='word_1_30' title='bbox 1980 490 2157 553; x_wconf 81' lang='lat' dir='ltr'><strong>inter</strong></span> <span class='ocrx_word' id='word_1_31' title='bbox 2192 504 2410 553; x_wconf 78' lang='lat' dir='ltr'><strong>castra</strong></span> 
     </span>
     <span class='ocr_line' id='line_1_6' title="bbox 299 569 2410 654; baseline 0 -21"><span class='ocrx_word' id='word_1_32' title='bbox 299 587 550 654; x_wconf 76' lang='lat' dir='ltr'><strong>campo,</strong></span> <span class='ocrx_word' id='word_1_33' title='bbox 593 583 744 645; x_wconf 79' lang='lat' dir='ltr'><strong>ante</strong></span> <span class='ocrx_word' id='word_1_34' title='bbox 785 591 969 631; x_wconf 83' lang='lat' dir='ltr'><strong>suum</strong></span> <span class='ocrx_word' id='word_1_35' title='bbox 997 570 1275 653; x_wconf 89' lang='lat' dir='ltr'><strong>quisque</strong></span> <span class='ocrx_word' id='word_1_36' title='bbox 1316 571 1569 645; x_wconf 74' lang='lat' dir='ltr'><strong>vallum,</strong></span> <span class='ocrx_word' id='word_1_37' title='bbox 1612 569 1873 633; x_wconf 80' lang='lat' dir='ltr'><strong>infestis</strong></span> <span class='ocrx_word' id='word_1_38' title='bbox 1908 570 2114 653; x_wconf 83' lang='lat' dir='ltr'><strong>signis</strong></span> <span class='ocrx_word' id='word_1_39' title='bbox 2154 572 2410 634; x_wconf 81' lang='lat' dir='ltr'><strong>consti-</strong></span> 
     </span>
     <span class='ocr_line' id='line_1_7' title="bbox 299 648 2412 737; baseline -0.001 -22"><span class='ocrx_word' id='word_1_40' title='bbox 299 667 465 715; x_wconf 88' lang='lat' dir='ltr'><strong>tere.</strong></span> <span class='ocrx_word' id='word_1_41' title='bbox 515 648 930 713; x_wconf 86' lang='lat' dir='ltr'><strong>multitudine</strong></span> <span class='ocrx_word' id='word_1_42' title='bbox 981 652 1377 734; x_wconf 75' lang='lat' dir='ltr'><strong>aliquantum</strong></span> <span class='ocrx_word' id='word_1_43' title='bbox 1416 650 1646 715; x_wconf 87' lang='lat' dir='ltr'><strong>Volsci</strong></span> <span class='ocrx_word' id='word_1_44' title='bbox 1686 650 2095 733; x_wconf 71' lang='lat' dir='ltr'><strong>superabant.</strong></span> <span class='ocrx_word' id='word_1_45' title='bbox 2176 654 2412 737; x_wconf 83' lang='lat' dir='ltr'><strong>Itaque</strong></span> 
     </span>
     <span class='ocr_line' id='line_1_8' title="bbox 301 724 2415 812; baseline -0.001 -17"><span class='ocrx_word' id='word_1_46' title='bbox 301 731 494 795; x_wconf 83' lang='lat' dir='ltr'><strong>effusi</strong></span> <span class='ocrx_word' id='word_1_47' title='bbox 517 724 608 795; x_wconf 72' lang='lat' dir='ltr'><strong>&#39;et</strong></span> <span class='ocrx_word' id='word_1_48' title='bbox 623 729 1014 793; x_wconf 72' lang='lat' dir='ltr'><strong>*contemtim</strong></span> <span class='ocrx_word' id='word_1_49' title='bbox 1045 750 1335 812; x_wconf 72' lang='lat' dir='ltr'><strong>pugnam</strong></span> <span class='ocrx_word' id='word_1_50' title='bbox 1360 729 1592 791; x_wconf 86' lang='lat' dir='ltr'><strong>iniere.</strong></span> <span class='ocrx_word' id='word_1_51' title='bbox 1636 730 1875 792; x_wconf 87' lang='lat' dir='ltr'><strong>Consul</strong></span> <span class='ocrx_word' id='word_1_52' title='bbox 1916 733 2241 795; x_wconf 67' lang='lat' dir='ltr'><strong>Romanus</strong></span> <span class='ocrx_word' id='word_1_53' title='bbox 2276 750 2415 793; x_wconf 84' lang='lat' dir='ltr'><strong>nec</strong></span> 
     </span>
     <span class='ocr_line' id='line_1_9' title="bbox 299 807 2410 893; baseline 0.002 -26"><span class='ocrx_word' id='word_1_54' title='bbox 299 823 316 833; x_wconf 66' lang='grc'><strong>’</strong></span> <span class='ocrx_word' id='word_1_55' title='bbox 352 822 361 829; x_wconf 84' lang='grc'><em>·</em></span> <span class='ocrx_word' id='word_1_56' title='bbox 576 810 592 829; x_wconf 80' lang='lat'><strong>‘</strong></span> <span class='ocrx_word' id='word_1_57' title='bbox 627 810 863 873; x_wconf 76' lang='lat' dir='ltr'><strong>osciem</strong></span> <span class='ocrx_word' id='word_1_58' title='bbox 881 854 897 883; x_wconf 91' lang='lat'><strong>‚</strong></span> <span class='ocrx_word' id='word_1_59' title='bbox 955 829 1078 872; x_wconf 86' lang='lat' dir='ltr'><strong>nec</strong></span> <span class='ocrx_word' id='word_1_60' title='bbox 1117 810 1461 872; x_wconf 76' lang='lat' dir='ltr'><strong>clamorem</strong></span> <span class='ocrx_word' id='word_1_61' title='bbox 1499 807 1690 879; x_wconf 86' lang='lat' dir='ltr'><strong>reddi</strong></span> <span class='ocrx_word' id='word_1_62' title='bbox 1726 830 1975 892; x_wconf 81' lang='lat' dir='ltr'><strong>passus,</strong></span> <span class='ocrx_word' id='word_1_63' title='bbox 2032 808 2259 873; x_wconf 79' lang='lat' dir='ltr'><strong>defixis</strong></span> <span class='ocrx_word' id='word_1_64' title='bbox 2300 812 2410 893; x_wconf 85' lang='lat' dir='ltr'><strong>pi-</strong></span> 
     </span>
     <span class='ocr_line' id='line_1_10' title="bbox 299 818 2411 985; baseline -0.003 -27"><span class='ocrx_word' id='word_1_65' title='bbox 299 818 792 958; x_wconf 56' lang='lat' dir='ltr'><strong>manos</strong></span> <span class='ocrx_word' id='word_1_66' title='bbox 819 889 1048 985; x_wconf 82' lang='lat' dir='ltr'><strong>jussit:</strong></span> <span class='ocrx_word' id='word_1_67' title='bbox 1090 890 1217 954; x_wconf 82' lang='lat' dir='ltr'><strong>ubi·</strong></span> <span class='ocrx_word' id='word_1_68' title='bbox 1245 889 1328 952; x_wconf 83' lang='lat' dir='ltr'><strong>ad</strong></span> <span class='ocrx_word' id='word_1_69' title='bbox 1366 910 1620 951; x_wconf 87' lang='lat' dir='ltr'><strong>manum</strong></span> <span class='ocrx_word' id='word_1_70' title='bbox 1662 890 1949 955; x_wconf 75' lang='lat' dir='ltr'><strong>venisset</strong></span> <span class='ocrx_word' id='word_1_71' title='bbox 1984 888 2225 966; x_wconf 80' lang='lat' dir='ltr'><strong>hostis,</strong></span> <span class='ocrx_word' id='word_1_72' title='bbox 2268 903 2411 952; x_wconf 87' lang='lat' dir='ltr'><strong>tum</strong></span> 
     </span>
     <span class='ocr_line' id='line_1_11' title="bbox 301 968 2408 1054; baseline -0.001 -18"><span class='ocrx_word' id='word_1_73' title='bbox 301 986 562 1036; x_wconf 87' lang='lat' dir='ltr'><strong>coortos</strong></span> <span class='ocrx_word' id='word_1_74' title='bbox 602 984 734 1038; x_wconf 75' lang='lat' dir='ltr'><strong>tota</strong></span> <span class='ocrx_word' id='word_1_75' title='bbox 772 991 838 1035; x_wconf 73' lang='lat' dir='ltr'><strong>vi</strong></span> <span class='ocrx_word' id='word_1_76' title='bbox 879 968 1113 1053; x_wconf 83' lang='lat' dir='ltr'><strong>gladiis</strong></span> <span class='ocrx_word' id='word_1_77' title='bbox 1155 992 1295 1033; x_wconf 86' lang='lat' dir='ltr'><strong>rem</strong></span> <span class='ocrx_word' id='word_1_78' title='bbox 1334 990 1589 1054; x_wconf 79' lang='lat' dir='ltr'><strong>gerere.</strong></span> <span class='ocrx_word' id='word_1_79' title='bbox 1634 969 1883 1045; x_wconf 84' lang='lat' dir='ltr'><strong>Volsci,</strong></span> <span class='ocrx_word' id='word_1_80' title='bbox 1928 990 2121 1035; x_wconf 86' lang='lat' dir='ltr'><strong>cursu</strong></span> <span class='ocrx_word' id='word_1_81' title='bbox 2162 985 2231 1033; x_wconf 87' lang='lat' dir='ltr'><strong>et</strong></span> <span class='ocrx_word' id='word_1_82' title='bbox 2271 972 2408 1035; x_wconf 79' lang='lat' dir='ltr'><strong>cla-</strong></span> 
     </span>
     <span class='ocr_line' id='line_1_12' title="bbox 300 1048 2411 1135; baseline -0.001 -19"><span class='ocrx_word' id='word_1_83' title='bbox 300 1074 482 1116; x_wconf 87' lang='lat' dir='ltr'><strong>more</strong></span> <span class='ocrx_word' id='word_1_84' title='bbox 525 1052 720 1127; x_wconf 81' lang='lat' dir='ltr'><strong>fessi,</strong></span> <span class='ocrx_word' id='word_1_85' title='bbox 781 1072 975 1135; x_wconf 86' lang='lat' dir='ltr'><strong>quum</strong></span> <span class='ocrx_word' id='word_1_86' title='bbox 1033 1070 1107 1113; x_wconf 88' lang='lat' dir='ltr'><strong>se</strong></span> <span class='ocrx_word' id='word_1_87' title='bbox 1147 1052 1327 1114; x_wconf 79' lang='lat' dir='ltr'><strong>velut</strong></span> <span class='ocrx_word' id='word_1_88' title='bbox 1364 1048 1777 1131; x_wconf 70' lang='lat' dir='ltr'><strong>stupentibus</strong></span> <span class='ocrx_word' id='word_1_89' title='bbox 1812 1065 1986 1113; x_wconf 87' lang='lat' dir='ltr'><strong>metu</strong></span> <span class='ocrx_word' id='word_1_90' title='bbox 2026 1051 2411 1114; x_wconf 70' lang='lat' dir='ltr'><strong>intulissent</strong></span> 
     </span>
     <span class='ocr_line' id='line_1_13' title="bbox 301 1129 2409 1216; baseline -0.003 -19"><span class='ocrx_word' id='word_1_91' title='bbox 301 1132 642 1208; x_wconf 81' lang='lat' dir='ltr'><strong>Romanis,</strong></span> <span class='ocrx_word' id='word_1_92' title='bbox 705 1145 1044 1216; x_wconf 85' lang='lat' dir='ltr'><strong>postquam</strong></span> <span class='ocrx_word' id='word_1_93' title='bbox 1107 1130 1587 1213; x_wconf 70' lang='lat' dir='ltr'><strong>inpressionem</strong></span> <span class='ocrx_word' id='word_1_94' title='bbox 1652 1150 1919 1193; x_wconf 78' lang='lat' dir='ltr'><strong>sensere</strong></span> <span class='ocrx_word' id='word_1_95' title='bbox 1976 1129 2065 1193; x_wconf 75' lang='lat' dir='ltr'><strong>&#39;ex</strong></span> <span class='ocrx_word' id='word_1_96' title='bbox 2128 1130 2409 1197; x_wconf 75' lang='lat' dir='ltr'><strong>adverso</strong></span> 
     </span>
     <span class='ocr_line' id='line_1_14' title="bbox 300 1208 2411 1295; baseline -0.002 -18"><span class='ocrx_word' id='word_1_97' title='bbox 300 1215 554 1288; x_wconf 75' lang='lat' dir='ltr'><strong>factam,</strong></span> <span class='ocrx_word' id='word_1_98' title='bbox 599 1227 665 1275; x_wconf 89' lang='lat' dir='ltr'><strong>et</strong></span> <span class='ocrx_word' id='word_1_99' title='bbox 705 1224 853 1274; x_wconf 82' lang='lat' dir='ltr'><strong>ante</strong></span> <span class='ocrx_word' id='word_1_100' title='bbox 887 1210 1108 1273; x_wconf 89' lang='lat' dir='ltr'><strong>oculos</strong></span> <span class='ocrx_word' id='word_1_101' title='bbox 1147 1212 1390 1273; x_wconf 80' lang='lat' dir='ltr'><strong>micare</strong></span> <span class='ocrx_word' id='word_1_102' title='bbox 1477 1208 1705 1284; x_wconf 75' lang='lat' dir='ltr'><strong>ludios,</strong></span> <span class='ocrx_word' id='word_1_103' title='bbox 1747 1208 1919 1272; x_wconf 83' lang='lat' dir='ltr'><strong>baud</strong></span> <span class='ocrx_word' id='word_1_104' title='bbox 1962 1230 2169 1287; x_wconf 85' lang='lat' dir='ltr'><strong>secus,</strong></span> <span class='ocrx_word' id='word_1_105' title='bbox 2216 1232 2411 1295; x_wconf 78' lang='lat' dir='ltr'><strong>quam</strong></span> 
     </span>
     <span class='ocr_line' id='line_1_15' title="bbox 302 1230 2408 1375; baseline -0.001 -20"><span class='ocrx_word' id='word_1_106' title='bbox 302 1295 362 1359; x_wconf 85' lang='lat' dir='ltr'><strong>si</strong></span> <span class='ocrx_word' id='word_1_107' title='bbox 415 1295 483 1359; x_wconf 82' lang='lat' dir='ltr'><strong>in</strong></span> <span class='ocrx_word' id='word_1_108' title='bbox 536 1290 806 1371; x_wconf 78' lang='lat' dir='ltr'><strong>insidias</strong></span> <span class='ocrx_word' id='word_1_109' title='bbox 849 1290 1235 1359; x_wconf 71' lang='lat' dir='ltr'><strong>incidissent</strong></span> <span class='ocrx_word' id='word_1_110' title='bbox 1254 1334 1272 1365; x_wconf 89' lang='lat'>‚</span> <span class='ocrx_word' id='word_1_111' title='bbox 1326 1230 1567 1353; x_wconf 56' lang='lat' dir='ltr'><strong>turfisti</strong></span> <span class='ocrx_word' id='word_1_112' title='bbox 1616 1303 1877 1353; x_wconf 76' lang='lat' dir='ltr'><strong>vertunt</strong></span> <span class='ocrx_word' id='word_1_113' title='bbox 1914 1302 2137 1375; x_wconf 65' lang='lat' dir='ltr'><strong>tergat</strong></span> <span class='ocrx_word' id='word_1_114' title='bbox 2196 1304 2265 1355; x_wconf 87' lang='lat' dir='ltr'><strong>et</strong></span> <span class='ocrx_word' id='word_1_115' title='bbox 2314 1312 2408 1353; x_wconf 89' lang='lat' dir='ltr'><strong>ne</strong></span> 
     </span>
     <span class='ocr_line' id='line_1_16' title="bbox 299 1368 2408 1457; baseline -0.002 -21"><span class='ocrx_word' id='word_1_116' title='bbox 299 1376 382 1437; x_wconf 78' lang='lat' dir='ltr'><strong>ad</strong></span> <span class='ocrx_word' id='word_1_117' title='bbox 421 1374 640 1455; x_wconf 78' lang='lat' dir='ltr'><strong>fugam</strong></span> <span class='ocrx_word' id='word_1_118' title='bbox 685 1370 942 1455; x_wconf 87' lang='lat' dir='ltr'><strong>quidem</strong></span> <span class='ocrx_word' id='word_1_119' title='bbox 981 1371 1138 1437; x_wconf 71' lang='lat' dir='ltr'><strong>satis</strong></span> <span class='ocrx_word' id='word_1_120' title='bbox 1179 1370 1416 1436; x_wconf 77' lang='lat' dir='ltr'><strong>virium</strong></span> <span class='ocrx_word' id='word_1_121' title='bbox 1454 1368 1611 1445; x_wconf 79' lang='lat' dir='ltr'><strong>fuit,</strong></span> <span class='ocrx_word' id='word_1_122' title='bbox 1668 1371 1817 1457; x_wconf 81' lang='lat' dir='ltr'><strong>quia</strong></span> <span class='ocrx_word' id='word_1_123' title='bbox 1858 1390 2053 1435; x_wconf 72' lang='lat' dir='ltr'><strong>eursu</strong></span> <span class='ocrx_word' id='word_1_124' title='bbox 2096 1372 2166 1433; x_wconf 88' lang='lat' dir='ltr'><strong>in</strong></span> <span class='ocrx_word' id='word_1_125' title='bbox 2206 1390 2408 1453; x_wconf 90' lang='lat' dir='ltr'><strong>proe-</strong></span> 
     </span>
     <span class='ocr_line' id='line_1_17' title="bbox 299 1450 2409 1546; baseline -0.001 -30"><span class='ocrx_word' id='word_1_126' title='bbox 299 1456 458 1517; x_wconf 85' lang='lat' dir='ltr'><strong>lium</strong></span> <span class='ocrx_word' id='word_1_127' title='bbox 523 1455 757 1515; x_wconf 81' lang='lat' dir='ltr'><strong>iersnt.</strong></span> <span class='ocrx_word' id='word_1_128' title='bbox 853 1451 1129 1513; x_wconf 75' lang='lat' dir='ltr'><strong>Romani</strong></span> <span class='ocrx_word' id='word_1_129' title='bbox 1201 1464 1457 1525; x_wconf 82' lang='lat' dir='ltr'><strong>eontra,</strong></span> <span class='ocrx_word' id='word_1_130' title='bbox 1588 1450 1696 1513; x_wconf 78' lang='lat' dir='ltr'><strong>uis</strong></span> <span class='ocrx_word' id='word_1_131' title='bbox 1747 1450 2081 1535; x_wconf 87' lang='lat' dir='ltr'><strong>principio</strong></span> <span class='ocrx_word' id='word_1_132' title='bbox 2143 1470 2409 1546; x_wconf 75' lang='lat' dir='ltr'><strong>pugnae</strong></span> 
     </span>
    </p>
   </div>
   <div class='ocr_carea' id='block_1_4' title="bbox 25 1527 2405 1625">
    <p class='ocr_par' dir='ltr' id='par_1_4' title="bbox 25 1527 2405 1625">
     <span class='ocr_line' id='line_1_18' title="bbox 25 1527 2405 1625; baseline -0.001 -28"><span class='ocrx_word' id='word_1_133' title='bbox 25 1554 66 1605; x_wconf 86' lang='grc'><strong>·,</strong></span> <span class='ocrx_word' id='word_1_134' title='bbox 131 1610 143 1622; x_wconf 39' lang='grc'>,</span> <span class='ocrx_word' id='word_1_135' title='bbox 225 1594 243 1625; x_wconf 35' lang='grc' dir='ltr'><strong>ι,</strong></span> <span class='ocrx_word' id='word_1_136' title='bbox 301 1534 513 1619; x_wconf 83' lang='lat' dir='ltr'><strong>quieti</strong></span> <span class='ocrx_word' id='word_1_137' title='bbox 551 1544 898 1605; x_wconf 83' lang='lat' dir='ltr'><strong>steterant,</strong></span> <span class='ocrx_word' id='word_1_138' title='bbox 953 1531 1252 1614; x_wconf 77' lang='lat' dir='ltr'><strong>vigentes</strong></span> <span class='ocrx_word' id='word_1_139' title='bbox 1294 1532 1563 1613; x_wconf 84' lang='lat' dir='ltr'><strong>corpori</strong></span> <span class='ocrx_word' id='word_1_140' title='bbox 1608 1550 1684 1593; x_wconf 86' lang='lat' dir='ltr'><strong>us</strong></span> <span class='ocrx_word' id='word_1_141' title='bbox 1705 1574 1722 1605; x_wconf 90' lang='lat'>‚</span> <span class='ocrx_word' id='word_1_142' title='bbox 1767 1527 1960 1595; x_wconf 80' lang='lat' dir='ltr'><strong>facile</strong></span> <span class='ocrx_word' id='word_1_143' title='bbox 2000 1530 2217 1615; x_wconf 75' lang='lat' dir='ltr'><strong>adepti</strong></span> <span class='ocrx_word' id='word_1_144' title='bbox 2262 1531 2405 1594; x_wconf 80' lang='lat' dir='ltr'><strong>fes-</strong></span> 
     </span>
    </p>
   </div>
   <div class='ocr_carea' id='block_1_5' title="bbox 199 1610 2417 3857">
    <p class='ocr_par' dir='ltr' id='par_1_5' title="bbox 301 1610 2403 1694">
     <span class='ocr_line' id='line_1_19' title="bbox 301 1610 2403 1694; baseline -0.002 -18"><span class='ocrx_word' id='word_1_145' title='bbox 301 1634 410 1677; x_wconf 88' lang='lat' dir='ltr'><strong>sos</strong></span> <span class='ocrx_word' id='word_1_146' title='bbox 433 1657 451 1688; x_wconf 93' lang='lat'>,</span> <span class='ocrx_word' id='word_1_147' title='bbox 496 1625 562 1675; x_wconf 85' lang='lat' dir='ltr'><strong>et</strong></span> <span class='ocrx_word' id='word_1_148' title='bbox 602 1624 810 1674; x_wconf 86' lang='lat' dir='ltr'><strong>castra</strong></span> <span class='ocrx_word' id='word_1_149' title='bbox 851 1612 1078 1693; x_wconf 90' lang='lat' dir='ltr'><strong>inpetu</strong></span> <span class='ocrx_word' id='word_1_150' title='bbox 1117 1624 1474 1694; x_wconf 84' lang='lat' dir='ltr'><strong>ceperunt,</strong></span> <span class='ocrx_word' id='word_1_151' title='bbox 1520 1625 1616 1686; x_wconf 92' lang='lat' dir='ltr'><strong>et,</strong></span> <span class='ocrx_word' id='word_1_152' title='bbox 1662 1610 1889 1673; x_wconf 85' lang='lat' dir='ltr'><strong>castris</strong></span> <span class='ocrx_word' id='word_1_153' title='bbox 1944 1626 2205 1675; x_wconf 86' lang='lat' dir='ltr'><strong>exutum</strong></span> <span class='ocrx_word' id='word_1_154' title='bbox 2242 1610 2403 1673; x_wconf 85' lang='lat' dir='ltr'><strong>hos-</strong></span> 
     </span>
    </p>

    <p class='ocr_par' dir='ltr' id='par_1_6' title="bbox 199 1691 2405 1789">
     <span class='ocr_line' id='line_1_20' title="bbox 199 1691 2405 1789; baseline -0.002 -33"><span class='ocrx_word' id='word_1_155' title='bbox 199 1708 204 1711; x_wconf 84' lang='grc'><em>“</em></span> <span class='ocrx_word' id='word_1_156' title='bbox 249 1691 260 1703; x_wconf 75' lang='grc'><em>’</em></span> <span class='ocrx_word' id='word_1_157' title='bbox 297 1708 434 1756; x_wconf 88' lang='lat' dir='ltr'><strong>tem</strong></span> <span class='ocrx_word' id='word_1_158' title='bbox 491 1692 775 1757; x_wconf 79' lang='lat' dir='ltr'><strong>Velitras</strong></span> <span class='ocrx_word' id='word_1_159' title='bbox 815 1692 1164 1774; x_wconf 81' lang='lat' dir='ltr'><strong>persecuti,</strong></span> <span class='ocrx_word' id='word_1_160' title='bbox 1231 1714 1363 1753; x_wconf 89' lang='lat' dir='ltr'><strong>uno</strong></span> <span class='ocrx_word' id='word_1_161' title='bbox 1406 1693 1659 1789; x_wconf 73' lang='lat' dir='ltr'><strong>agmine</strong></span> <span class='ocrx_word' id='word_1_162' title='bbox 1700 1691 1983 1755; x_wconf 81' lang='lat' dir='ltr'><strong>victores</strong></span> <span class='ocrx_word' id='word_1_163' title='bbox 2026 1713 2169 1756; x_wconf 87' lang='lat' dir='ltr'><strong>cum</strong></span> <span class='ocrx_word' id='word_1_164' title='bbox 2208 1693 2405 1755; x_wconf 80' lang='lat' dir='ltr'><strong>victis</strong></span> 
     </span>
    </p>

    <p class='ocr_par' dir='ltr' id='par_1_7' title="bbox 300 1770 2409 1867">
     <span class='ocr_line' id='line_1_21' title="bbox 300 1770 2409 1867; baseline -0.001 -31"><span class='ocrx_word' id='word_1_165' title='bbox 300 1774 374 1836; x_wconf 91' lang='lat' dir='ltr'><strong>in</strong></span> <span class='ocrx_word' id='word_1_166' title='bbox 431 1772 660 1847; x_wconf 80' lang='lat' dir='ltr'><strong>urbem</strong></span> <span class='ocrx_word' id='word_1_167' title='bbox 711 1772 1044 1857; x_wconf 82' lang='lat' dir='ltr'><strong>inrupere.</strong></span> <span class='ocrx_word' id='word_1_168' title='bbox 1101 1772 1109 1792; x_wconf 80' lang='lat'><strong><em>⁴</em></strong></span> <span class='ocrx_word' id='word_1_169' title='bbox 1159 1770 1392 1855; x_wconf 86' lang='lat' dir='ltr'><strong>Iusque</strong></span> <span class='ocrx_word' id='word_1_170' title='bbox 1450 1772 1559 1845; x_wconf 79' lang='lat' dir='ltr'><strong>ibi</strong></span> <span class='ocrx_word' id='word_1_171' title='bbox 1604 1772 1932 1855; x_wconf 79' lang='lat' dir='ltr'><strong>sanguinis</strong></span> <span class='ocrx_word' id='word_1_172' title='bbox 1954 1814 1971 1846; x_wconf 93' lang='lat'>‚</span> <span class='ocrx_word' id='word_1_173' title='bbox 2032 1772 2409 1867; x_wconf 72' lang='lat' dir='ltr'><strong>promiscua,</strong></span> 
     </span>
    </p>

    <p class='ocr_par' dir='ltr' id='par_1_8' title="bbox 288 1850 2405 1937">
     <span class='ocr_line' id='line_1_22' title="bbox 288 1850 2405 1937; baseline -0.001 -20"><span class='ocrx_word' id='word_1_174' title='bbox 288 1852 586 1917; x_wconf 81' lang='lat' dir='ltr'><strong>&#39;omnium</strong></span> <span class='ocrx_word' id='word_1_175' title='bbox 625 1872 936 1935; x_wconf 80' lang='lat' dir='ltr'><strong>generum</strong></span> <span class='ocrx_word' id='word_1_176' title='bbox 977 1870 1089 1915; x_wconf 87' lang='lat' dir='ltr'><strong>cae</strong></span> <span class='ocrx_word' id='word_1_177' title='bbox 1139 1873 1204 1925; x_wconf 89' lang='lat' dir='ltr'><strong>e,</strong></span> <span class='ocrx_word' id='word_1_178' title='bbox 1252 1870 1438 1937; x_wconf 86' lang='lat' dir='ltr'><strong>quam</strong></span> <span class='ocrx_word' id='word_1_179' title='bbox 1480 1852 1550 1912; x_wconf 89' lang='lat' dir='ltr'><strong>in</strong></span> <span class='ocrx_word' id='word_1_180' title='bbox 1591 1850 1733 1933; x_wconf 88' lang='lat' dir='ltr'><strong>ipsa</strong></span> <span class='ocrx_word' id='word_1_181' title='bbox 1776 1850 2185 1915; x_wconf 76' lang='lat' dir='ltr'><strong>dimicatione</strong></span> <span class='ocrx_word' id='word_1_182' title='bbox 2207 1895 2224 1927; x_wconf 93' lang='lat'>‚</span> <span class='ocrx_word' id='word_1_183' title='bbox 2268 1851 2405 1915; x_wconf 76' lang='lat' dir='ltr'><strong>fec-</strong></span> 
     </span>
    </p>

    <p class='ocr_par' dir='ltr' id='par_1_9' title="bbox 211 1930 2407 2078">
     <span class='ocr_line' id='line_1_23' title="bbox 211 1930 2407 2017; baseline 0 -23"><span class='ocrx_word' id='word_1_184' title='bbox 211 1938 218 1947; x_wconf 87' lang='lat'>&#39;</span> <span class='ocrx_word' id='word_1_185' title='bbox 297 1946 454 1998; x_wconf 77' lang='lat' dir='ltr'><strong>tum.</strong></span> <span class='ocrx_word' id='word_1_186' title='bbox 516 1932 738 2016; x_wconf 80' lang='lat' dir='ltr'><strong>paucis</strong></span> <span class='ocrx_word' id='word_1_187' title='bbox 793 1930 936 1993; x_wconf 78' lang='lat' dir='ltr'><strong>dats</strong></span> <span class='ocrx_word' id='word_1_188' title='bbox 975 1932 1198 2007; x_wconf 79' lang='lat' dir='ltr'><strong>venia,</strong></span> <span class='ocrx_word' id='word_1_189' title='bbox 1253 1932 1370 2017; x_wconf 87' lang='lat' dir='ltr'><strong>qui</strong></span> <span class='ocrx_word' id='word_1_190' title='bbox 1406 1932 1689 1995; x_wconf 85' lang='lat' dir='ltr'><strong>inermes</strong></span> <span class='ocrx_word' id='word_1_191' title='bbox 1740 1931 1813 1994; x_wconf 89' lang='lat' dir='ltr'><strong>in</strong></span> <span class='ocrx_word' id='word_1_192' title='bbox 1852 1930 2250 1996; x_wconf 86' lang='lat' dir='ltr'><strong>deditionem</strong></span> <span class='ocrx_word' id='word_1_193' title='bbox 2287 1952 2407 1996; x_wconf 79' lang='lat' dir='ltr'><strong>ve-</strong></span> 
     </span>
     <span class='ocr_line' id='line_1_24' title="bbox 301 2020 1292 2078; baseline -0.007 -2"><span class='ocrx_word' id='word_1_194' title='bbox 301 2026 562 2078; x_wconf 89' lang='lat' dir='ltr'><strong>nerunt.</strong></span> <span class='ocrx_word' id='word_1_195' title='bbox 1284 2020 1292 2029; x_wconf 87' lang='lat'><strong>·</strong></span> 
     </span>
    </p>

    <p class='ocr_par' dir='ltr' id='par_1_10' title="bbox 301 2086 2409 2577">
     <span class='ocr_line' id='line_1_25' title="bbox 459 2086 2404 2175; baseline -0.001 -22"><span class='ocrx_word' id='word_1_196' title='bbox 459 2092 692 2155; x_wconf 84' lang='lat' dir='ltr'><strong>xxxl.</strong></span> <span class='ocrx_word' id='word_1_197' title='bbox 731 2091 904 2153; x_wconf 85' lang='lat' dir='ltr'><strong>Dum</strong></span> <span class='ocrx_word' id='word_1_198' title='bbox 940 2088 1100 2153; x_wconf 78' lang='lat' dir='ltr'><strong>haec</strong></span> <span class='ocrx_word' id='word_1_199' title='bbox 1140 2090 1210 2152; x_wconf 86' lang='lat' dir='ltr'><strong>in</strong></span> <span class='ocrx_word' id='word_1_200' title='bbox 1243 2086 1503 2155; x_wconf 84' lang='lat' dir='ltr'><strong>Volscis</strong></span> <span class='ocrx_word' id='word_1_201' title='bbox 1534 2104 1867 2175; x_wconf 81' lang='lat' dir='ltr'><strong>geruntur,</strong></span> <span class='ocrx_word' id='word_1_202' title='bbox 1912 2086 2187 2156; x_wconf 78' lang='lat' dir='ltr'><strong>dictator</strong></span> <span class='ocrx_word' id='word_1_203' title='bbox 2216 2090 2404 2154; x_wconf 82' lang='lat' dir='ltr'><strong>Sabi-</strong></span> 
     </span>
     <span class='ocr_line' id='line_1_26' title="bbox 302 2169 2402 2255; baseline -0 -21"><span class='ocrx_word' id='word_1_204' title='bbox 302 2190 456 2247; x_wconf 85' lang='lat' dir='ltr'><strong>nos,</strong></span> <span class='ocrx_word' id='word_1_205' title='bbox 501 2173 615 2234; x_wconf 92' lang='lat' dir='ltr'><strong>ubi</strong></span> <span class='ocrx_word' id='word_1_206' title='bbox 655 2175 850 2255; x_wconf 82' lang='lat' dir='ltr'><strong>longe</strong></span> <span class='ocrx_word' id='word_1_207' title='bbox 891 2170 1238 2253; x_wconf 87' lang='lat' dir='ltr'><strong>plurimum</strong></span> <span class='ocrx_word' id='word_1_208' title='bbox 1277 2169 1437 2233; x_wconf 88' lang='lat' dir='ltr'><strong>belli</strong></span> <span class='ocrx_word' id='word_1_209' title='bbox 1477 2170 1728 2247; x_wconf 83' lang='lat' dir='ltr'><strong>fuerat,</strong></span> <span class='ocrx_word' id='word_1_210' title='bbox 1770 2170 2022 2247; x_wconf 84' lang='lat' dir='ltr'><strong>fundit,</strong></span> <span class='ocrx_word' id='word_1_211' title='bbox 2050 2170 2402 2255; x_wconf 57' lang='lat' dir='ltr'><strong>iuvatque,</strong></span> 
     </span>
     <span class='ocr_line' id='line_1_27' title="bbox 305 2251 2409 2337; baseline -0.001 -21"><span class='ocrx_word' id='word_1_212' title='bbox 305 2253 616 2337; x_wconf 85' lang='lat' dir='ltr'><strong>exuitque</strong></span> <span class='ocrx_word' id='word_1_213' title='bbox 675 2252 923 2315; x_wconf 85' lang='lat' dir='ltr'><strong>eastris.</strong></span> <span class='ocrx_word' id='word_1_214' title='bbox 1019 2254 1076 2313; x_wconf 90' lang='lat' dir='ltr'>E</span> <span class='ocrx_word' id='word_1_215' title='bbox 1127 2251 1357 2314; x_wconf 82' lang='lat' dir='ltr'><strong>uitam·</strong></span> <span class='ocrx_word' id='word_1_216' title='bbox 1382 2251 1651 2319; x_wconf 88' lang='lat' dir='ltr'><strong>inmisso</strong></span> <span class='ocrx_word' id='word_1_217' title='bbox 1707 2252 1984 2315; x_wconf 81' lang='lat' dir='ltr'><strong>mediam</strong></span> <span class='ocrx_word' id='word_1_218' title='bbox 2032 2265 2143 2313; x_wconf 84' lang='lat' dir='ltr'><strong>tur</strong></span> <span class='ocrx_word' id='word_1_219' title='bbox 2186 2265 2409 2315; x_wconf 80' lang='lat' dir='ltr'><strong>averat</strong></span> 
     </span>
     <span class='ocr_line' id='line_1_28' title="bbox 301 2331 2406 2416; baseline -0.001 -21"><span class='ocrx_word' id='word_1_220' title='bbox 301 2334 589 2395; x_wconf 86' lang='lat' dir='ltr'><strong>hostium</strong></span> <span class='ocrx_word' id='word_1_221' title='bbox 629 2331 856 2406; x_wconf 87' lang='lat' dir='ltr'><strong>aciem,</strong></span> <span class='ocrx_word' id='word_1_222' title='bbox 903 2353 1049 2416; x_wconf 83' lang='lat' dir='ltr'><strong>qua,</strong></span> <span class='ocrx_word' id='word_1_223' title='bbox 1139 2351 1242 2393; x_wconf 86' lang='lat' dir='ltr'><strong>um</strong></span> <span class='ocrx_word' id='word_1_224' title='bbox 1288 2350 1359 2394; x_wconf 87' lang='lat' dir='ltr'><strong>se</strong></span> <span class='ocrx_word' id='word_1_225' title='bbox 1402 2350 1644 2394; x_wconf 82' lang='lat' dir='ltr'><strong>cornua</strong></span> <span class='ocrx_word' id='word_1_226' title='bbox 1685 2332 1875 2396; x_wconf 71' lang='lat' dir='ltr'><strong>latius</strong></span> <span class='ocrx_word' id='word_1_227' title='bbox 1918 2332 2224 2414; x_wconf 85' lang='lat' dir='ltr'><strong>pandunt,</strong></span> <span class='ocrx_word' id='word_1_228' title='bbox 2336 2354 2406 2393; x_wconf 85' lang='lat' dir='ltr'><strong>a·</strong></span> 
     </span>
     <span class='ocr_line' id='line_1_29' title="bbox 303 2352 2408 2496; baseline -0.001 -21"><span class='ocrx_word' id='word_1_229' title='bbox 303 2432 448 2475; x_wconf 83' lang='lat' dir='ltr'><strong>rum</strong></span> <span class='ocrx_word' id='word_1_230' title='bbox 489 2428 638 2496; x_wconf 86' lang='lat' dir='ltr'><strong>apte</strong></span> <span class='ocrx_word' id='word_1_231' title='bbox 680 2412 1031 2475; x_wconf 86' lang='lat' dir='ltr'><strong>introrsum</strong></span> <span class='ocrx_word' id='word_1_232' title='bbox 1071 2410 1407 2475; x_wconf 84' lang='lat' dir='ltr'><strong>ordinibus</strong></span> <span class='ocrx_word' id='word_1_233' title='bbox 1470 2412 1675 2473; x_wconf 76' lang='lat' dir='ltr'><strong>eciem</strong></span> <span class='ocrx_word' id='word_1_234' title='bbox 1712 2410 2140 2476; x_wconf 74' lang='lat' dir='ltr'><strong>firmaverant.</strong></span> <span class='ocrx_word' id='word_1_235' title='bbox 2184 2352 2408 2475; x_wconf 53' lang='lat' dir='ltr'><strong>turga-</strong></span> 
     </span>
     <span class='ocr_line' id='line_1_30' title="bbox 307 2488 2407 2577; baseline -0.001 -21"><span class='ocrx_word' id='word_1_236' title='bbox 307 2506 411 2557; x_wconf 78' lang='lat' dir='ltr'><strong>tos</strong></span> <span class='ocrx_word' id='word_1_237' title='bbox 452 2494 656 2577; x_wconf 84' lang='lat' dir='ltr'><strong>pedes</strong></span> <span class='ocrx_word' id='word_1_238' title='bbox 697 2492 954 2556; x_wconf 60' lang='lat' dir='ltr'><strong>invisit.</strong></span> <span class='ocrx_word' id='word_1_239' title='bbox 1001 2492 1232 2555; x_wconf 87' lang='lat' dir='ltr'><strong>eodem</strong></span> <span class='ocrx_word' id='word_1_240' title='bbox 1287 2491 1517 2573; x_wconf 85' lang='lat' dir='ltr'><strong>inpetu</strong></span> <span class='ocrx_word' id='word_1_241' title='bbox 1568 2505 1776 2554; x_wconf 79' lang='lat' dir='ltr'><strong>castre</strong></span> <span class='ocrx_word' id='word_1_242' title='bbox 1834 2506 2049 2574; x_wconf 78' lang='lat' dir='ltr'><strong>capta,</strong></span> <span class='ocrx_word' id='word_1_243' title='bbox 2116 2488 2407 2555; x_wconf 81' lang='lat' dir='ltr'><strong>debella-</strong></span> 
     </span>
    </p>

    <p class='ocr_par' dir='ltr' id='par_1_11' title="bbox 252 2569 2411 3221">
     <span class='ocr_line' id='line_1_31' title="bbox 252 2569 2409 2659; baseline -0.001 -22"><span class='ocrx_word' id='word_1_244' title='bbox 252 2590 260 2603; x_wconf 88' lang='lat'><strong>·</strong></span> <span class='ocrx_word' id='word_1_245' title='bbox 309 2589 574 2659; x_wconf 85' lang='lat' dir='ltr'><strong>tumque</strong></span> <span class='ocrx_word' id='word_1_246' title='bbox 619 2586 738 2635; x_wconf 86' lang='lat' dir='ltr'><strong>est.</strong></span> <span class='ocrx_word' id='word_1_247' title='bbox 821 2574 984 2635; x_wconf 87' lang='lat' dir='ltr'><strong>Post</strong></span> <span class='ocrx_word' id='word_1_248' title='bbox 1021 2592 1301 2655; x_wconf 80' lang='lat' dir='ltr'><strong>pugnam</strong></span> <span class='ocrx_word' id='word_1_249' title='bbox 1342 2569 1423 2633; x_wconf 79' lang='lat' dir='ltr'><strong>sd</strong></span> <span class='ocrx_word' id='word_1_250' title='bbox 1460 2573 1789 2654; x_wconf 81' lang='lat' dir='ltr'><strong>Regillum</strong></span> <span class='ocrx_word' id='word_1_251' title='bbox 1844 2574 2052 2636; x_wconf 81' lang='lat' dir='ltr'><strong>lacum</strong></span> <span class='ocrx_word' id='word_1_252' title='bbox 2107 2592 2239 2637; x_wconf 90' lang='lat' dir='ltr'><strong>non</strong></span> <span class='ocrx_word' id='word_1_253' title='bbox 2278 2574 2409 2635; x_wconf 80' lang='lat' dir='ltr'><strong>slis</strong></span> 
     </span>
     <span class='ocr_line' id='line_1_32' title="bbox 305 2650 2410 2736; baseline -0 -19"><span class='ocrx_word' id='word_1_254' title='bbox 305 2656 438 2719; x_wconf 79' lang='lat' dir='ltr'><strong>illis</strong></span> <span class='ocrx_word' id='word_1_255' title='bbox 481 2656 669 2717; x_wconf 85' lang='lat' dir='ltr'><strong>annis</strong></span> <span class='ocrx_word' id='word_1_256' title='bbox 709 2672 924 2736; x_wconf 83' lang='lat' dir='ltr'><strong>pugna</strong></span> <span class='ocrx_word' id='word_1_257' title='bbox 965 2652 1201 2715; x_wconf 82' lang='lat' dir='ltr'><strong>clarior</strong></span> <span class='ocrx_word' id='word_1_258' title='bbox 1241 2651 1386 2714; x_wconf 82' lang='lat' dir='ltr'><strong>fuit.</strong></span> <span class='ocrx_word' id='word_1_259' title='bbox 1412 2650 1709 2714; x_wconf 64' lang='lat' dir='ltr'><strong>dictator</strong></span> <span class='ocrx_word' id='word_1_260' title='bbox 1747 2652 2147 2736; x_wconf 83' lang='lat' dir='ltr'><strong>triumphans</strong></span> <span class='ocrx_word' id='word_1_261' title='bbox 2165 2652 2410 2716; x_wconf 86' lang='lat' dir='ltr'><strong>Urbem</strong></span> 
     </span>
     <span class='ocr_line' id='line_1_33' title="bbox 307 2731 2409 2815; baseline -0 -19"><span class='ocrx_word' id='word_1_262' title='bbox 307 2736 657 2799; x_wconf 81' lang='lat' dir='ltr'><strong>invehitur.</strong></span> <span class='ocrx_word' id='word_1_263' title='bbox 762 2735 974 2815; x_wconf 88' lang='lat' dir='ltr'><strong>Super</strong></span> <span class='ocrx_word' id='word_1_264' title='bbox 1037 2731 1265 2795; x_wconf 84' lang='lat' dir='ltr'><strong>solitos</strong></span> <span class='ocrx_word' id='word_1_265' title='bbox 1326 2732 1609 2795; x_wconf 87' lang='lat' dir='ltr'><strong>honores</strong></span> <span class='ocrx_word' id='word_1_266' title='bbox 1664 2734 1845 2796; x_wconf 83' lang='lat' dir='ltr'><strong>locus</strong></span> <span class='ocrx_word' id='word_1_267' title='bbox 1918 2734 1986 2795; x_wconf 89' lang='lat' dir='ltr'><strong>in</strong></span> <span class='ocrx_word' id='word_1_268' title='bbox 2044 2734 2220 2796; x_wconf 88' lang='lat' dir='ltr'><strong>circo</strong></span> <span class='ocrx_word' id='word_1_269' title='bbox 2273 2734 2409 2815; x_wconf 86' lang='lat' dir='ltr'><strong>ipsi</strong></span> 
     </span>
     <span class='ocr_line' id='line_1_34' title="bbox 309 2810 2409 2899; baseline -0.001 -21"><span class='ocrx_word' id='word_1_270' title='bbox 309 2816 723 2899; x_wconf 77' lang='lat' dir='ltr'><strong>posterisque</strong></span> <span class='ocrx_word' id='word_1_271' title='bbox 763 2811 844 2891; x_wconf 69' lang='lat' dir='ltr'><strong>ad</strong></span> <span class='ocrx_word' id='word_1_272' title='bbox 885 2834 915 2873; x_wconf 90' lang='lat' dir='ltr'><strong>s</strong></span> <span class='ocrx_word' id='word_1_273' title='bbox 965 2811 1323 2876; x_wconf 85' lang='lat' dir='ltr'><strong>ectaculum</strong></span> <span class='ocrx_word' id='word_1_274' title='bbox 1364 2810 1595 2889; x_wconf 75' lang='lat' dir='ltr'><strong>datus3</strong></span> <span class='ocrx_word' id='word_1_275' title='bbox 1656 2814 1816 2891; x_wconf 66' lang='lat' dir='ltr'><strong>sella</strong></span> <span class='ocrx_word' id='word_1_276' title='bbox 1868 2811 2061 2893; x_wconf 67' lang='lat' dir='ltr'><strong>ineo</strong></span> <span class='ocrx_word' id='word_1_277' title='bbox 2101 2814 2251 2876; x_wconf 87' lang='lat' dir='ltr'><strong>loco</strong></span> <span class='ocrx_word' id='word_1_278' title='bbox 2290 2832 2409 2877; x_wconf 84' lang='lat' dir='ltr'><strong>cu-</strong></span> 
     </span>
     <span class='ocr_line' id='line_1_35' title="bbox 307 2891 2405 2978; baseline -0.001 -21"><span class='ocrx_word' id='word_1_279' title='bbox 307 2897 470 2957; x_wconf 85' lang='lat' dir='ltr'><strong>rulis</strong></span> <span class='ocrx_word' id='word_1_280' title='bbox 513 2892 746 2978; x_wconf 77' lang='lat' dir='ltr'><strong>p‘osita.</strong></span> <span class='ocrx_word' id='word_1_281' title='bbox 833 2896 934 2961; x_wconf 87' lang='lat' dir='ltr'><strong>Vo</strong></span> <span class='ocrx_word' id='word_1_282' title='bbox 963 2894 1092 2957; x_wconf 85' lang='lat' dir='ltr'><strong>scis</strong></span> <span class='ocrx_word' id='word_1_283' title='bbox 1135 2892 1410 2955; x_wconf 76' lang='lat' dir='ltr'><strong>devictis</strong></span> <span class='ocrx_word' id='word_1_284' title='bbox 1450 2892 1828 2959; x_wconf 87' lang='lat' dir='ltr'><strong>Veliternus</strong></span> <span class='ocrx_word' id='word_1_285' title='bbox 1882 2913 2042 2977; x_wconf 77' lang='lat' dir='ltr'><strong>eger</strong></span> <span class='ocrx_word' id='word_1_286' title='bbox 2084 2891 2405 2956; x_wconf 72' lang='lat' dir='ltr'><strong>ademtust</strong></span> 
     </span>
     <span class='ocr_line' id='line_1_36' title="bbox 307 2971 2409 3040; baseline -0.003 0"><span class='ocrx_word' id='word_1_287' title='bbox 307 2976 595 3040; x_wconf 81' lang='lat' dir='ltr'><strong>Velitras</strong></span> <span class='ocrx_word' id='word_1_288' title='bbox 637 2972 855 3036; x_wconf 89' lang='lat' dir='ltr'><strong>coloni</strong></span> <span class='ocrx_word' id='word_1_289' title='bbox 898 2972 978 3035; x_wconf 78' lang='lat' dir='ltr'><strong>ab</strong></span> <span class='ocrx_word' id='word_1_290' title='bbox 1020 2973 1200 3036; x_wconf 89' lang='lat' dir='ltr'><strong>Urbe</strong></span> <span class='ocrx_word' id='word_1_291' title='bbox 1239 2972 1425 3037; x_wconf 86' lang='lat' dir='ltr'><strong>missi</strong></span> <span class='ocrx_word' id='word_1_292' title='bbox 1467 2986 1535 3035; x_wconf 88' lang='lat' dir='ltr'><strong>et</strong></span> <span class='ocrx_word' id='word_1_293' title='bbox 1573 2974 1828 3035; x_wconf 80' lang='lat' dir='ltr'><strong>colonis</strong></span> <span class='ocrx_word' id='word_1_294' title='bbox 1870 2971 2159 3036; x_wconf 81' lang='lat' dir='ltr'><strong>deducta.</strong></span> <span class='ocrx_word' id='word_1_295' title='bbox 2246 2974 2409 3035; x_wconf 87' lang='lat' dir='ltr'><strong>Cum</strong></span> 
     </span>
     <span class='ocr_line' id='line_1_37' title="bbox 306 3052 2411 3141; baseline -0.002 -22"><span class='ocrx_word' id='word_1_296' title='bbox 306 3056 553 3141; x_wconf 82' lang='lat' dir='ltr'><strong>Aequis</strong></span> <span class='ocrx_word' id='word_1_297' title='bbox 595 3068 746 3137; x_wconf 81' lang='lat' dir='ltr'><strong>post</strong></span> <span class='ocrx_word' id='word_1_298' title='bbox 781 3054 1117 3139; x_wconf 71' lang='lat' dir='ltr'><strong>aliquanto·</strong></span> <span class='ocrx_word' id='word_1_299' title='bbox 1146 3066 1495 3135; x_wconf 84' lang='lat' dir='ltr'><strong>pugnatum</strong></span> <span class='ocrx_word' id='word_1_300' title='bbox 1537 3066 1658 3129; x_wconf 85' lang='lat' dir='ltr'><strong>est,</strong></span> <span class='ocrx_word' id='word_1_301' title='bbox 1700 3053 1910 3117; x_wconf 77' lang='lat' dir='ltr'><strong>invito</strong></span> <span class='ocrx_word' id='word_1_302' title='bbox 2042 3052 2212 3115; x_wconf 87' lang='lat' dir='ltr'><strong>idem</strong></span> <span class='ocrx_word' id='word_1_303' title='bbox 2252 3074 2411 3116; x_wconf 85' lang='lat' dir='ltr'><strong>eon·</strong></span> 
     </span>
     <span class='ocr_line' id='line_1_38' title="bbox 307 3128 2411 3221; baseline -0.001 -23"><span class='ocrx_word' id='word_1_304' title='bbox 307 3136 450 3198; x_wconf 81' lang='lat' dir='ltr'><strong>sule</strong></span> <span class='ocrx_word' id='word_1_305' title='bbox 473 3178 490 3210; x_wconf 93' lang='lat'>‚</span> <span class='ocrx_word' id='word_1_306' title='bbox 554 3136 702 3221; x_wconf 77' lang='lat' dir='ltr'><strong>quia</strong></span> <span class='ocrx_word' id='word_1_307' title='bbox 753 3132 900 3197; x_wconf 90' lang='lat' dir='ltr'><strong>loco</strong></span> <span class='ocrx_word' id='word_1_308' title='bbox 953 3134 1180 3219; x_wconf 85' lang='lat' dir='ltr'><strong>iniquo</strong></span> <span class='ocrx_word' id='word_1_309' title='bbox 1201 3128 1214 3147; x_wconf 85' lang='grc'><strong><em>’</em></strong></span> <span class='ocrx_word' id='word_1_310' title='bbox 1233 3130 1637 3205; x_wconf 70' lang='lat' dir='ltr'><strong>subeundum</strong></span> <span class='ocrx_word' id='word_1_311' title='bbox 1676 3148 1818 3196; x_wconf 84' lang='lat' dir='ltr'><strong>erat</strong></span> <span class='ocrx_word' id='word_1_312' title='bbox 1854 3132 1936 3195; x_wconf 78' lang='lat' dir='ltr'><strong>sd</strong></span> <span class='ocrx_word' id='word_1_313' title='bbox 2022 3148 2225 3197; x_wconf 81' lang='lat' dir='ltr'><strong>ostes=</strong></span> <span class='ocrx_word' id='word_1_314' title='bbox 2289 3130 2411 3197; x_wconf 82' lang='lat' dir='ltr'><strong>sed</strong></span> 
     </span>
    </p>

    <p class='ocr_par' dir='ltr' id='par_1_12' title="bbox 273 3210 2417 3857">
     <span class='ocr_line' id='line_1_39' title="bbox 273 3210 2412 3297; baseline 0 -21"><span class='ocrx_word' id='word_1_315' title='bbox 273 3213 570 3287; x_wconf 67' lang='lat' dir='ltr'><strong>Lmilites,</strong></span> <span class='ocrx_word' id='word_1_316' title='bbox 615 3213 864 3277; x_wconf 76' lang='lat' dir='ltr'><strong>extrahi</strong></span> <span class='ocrx_word' id='word_1_317' title='bbox 904 3234 1048 3277; x_wconf 88' lang='lat' dir='ltr'><strong>rem</strong></span> <span class='ocrx_word' id='word_1_318' title='bbox 1087 3210 1527 3288; x_wconf 71' lang='lat' dir='ltr'><strong>criminantes,</strong></span> <span class='ocrx_word' id='word_1_319' title='bbox 1572 3226 1645 3275; x_wconf 90' lang='lat' dir='ltr'><strong>ut</strong></span> <span class='ocrx_word' id='word_1_320' title='bbox 1684 3213 1979 3289; x_wconf 85' lang='lat' dir='ltr'><strong>dictator,</strong></span> <span class='ocrx_word' id='word_1_321' title='bbox 2024 3214 2412 3297; x_wconf 83' lang='lat' dir='ltr'><strong>priusquam</strong></span> 
     </span>
     <span class='ocr_line' id='line_1_40' title="bbox 307 3293 2413 3379; baseline -0 -22"><span class='ocrx_word' id='word_1_322' title='bbox 307 3294 441 3378; x_wconf 87' lang='lat' dir='ltr'><strong>ipsi</strong></span> <span class='ocrx_word' id='word_1_323' title='bbox 479 3294 776 3359; x_wconf 75' lang='lat' dir='ltr'><strong>redirent</strong></span> <span class='ocrx_word' id='word_1_324' title='bbox 813 3294 883 3355; x_wconf 90' lang='lat' dir='ltr'><strong>in</strong></span> <span class='ocrx_word' id='word_1_325' title='bbox 909 3294 1169 3368; x_wconf 85' lang='lat' dir='ltr'><strong>Urbem,</strong></span> <span class='ocrx_word' id='word_1_326' title='bbox 1213 3294 1589 3377; x_wconf 80' lang='lat' dir='ltr'><strong>magistratu</strong></span> <span class='ocrx_word' id='word_1_327' title='bbox 1629 3293 1859 3369; x_wconf 76' lang='lat' dir='ltr'><strong>abiret,</strong></span> <span class='ocrx_word' id='word_1_328' title='bbox 1902 3294 2238 3379; x_wconf 77' lang='lat' dir='ltr'><strong>irritaque,</strong></span> <span class='ocrx_word' id='word_1_329' title='bbox 2280 3295 2413 3356; x_wconf 86' lang='lat' dir='ltr'><strong>sic-</strong></span> 
     </span>
     <span class='ocr_line' id='line_1_41' title="bbox 307 3371 2413 3457; baseline -0 -20"><span class='ocrx_word' id='word_1_330' title='bbox 307 3389 384 3438; x_wconf 91' lang='lat' dir='ltr'><strong>ut</strong></span> <span class='ocrx_word' id='word_1_331' title='bbox 441 3390 587 3438; x_wconf 81' lang='lat' dir='ltr'><strong>ante</strong></span> <span class='ocrx_word' id='word_1_332' title='bbox 629 3375 938 3449; x_wconf 86' lang='lat' dir='ltr'><strong>consulis,</strong></span> <span class='ocrx_word' id='word_1_333' title='bbox 1000 3374 1321 3457; x_wconf 80' lang='lat' dir='ltr'><strong>promisse</strong></span> <span class='ocrx_word' id='word_1_334' title='bbox 1364 3374 1503 3455; x_wconf 86' lang='lat' dir='ltr'><strong>ejus</strong></span> <span class='ocrx_word' id='word_1_335' title='bbox 1544 3371 1872 3449; x_wconf 78' lang='lat' dir='ltr'><strong>caderent,</strong></span> <span class='ocrx_word' id='word_1_336' title='bbox 1924 3372 2299 3457; x_wconf 86' lang='lat' dir='ltr'><strong>perpulere,</strong></span> <span class='ocrx_word' id='word_1_337' title='bbox 2340 3388 2413 3436; x_wconf 87' lang='lat' dir='ltr'><strong>ut</strong></span> 
     </span>
     <span class='ocr_line' id='line_1_42' title="bbox 305 3453 2415 3537; baseline 0 -20"><span class='ocrx_word' id='word_1_338' title='bbox 305 3454 481 3519; x_wconf 81' lang='lat' dir='ltr'><strong>forte</strong></span> <span class='ocrx_word' id='word_1_339' title='bbox 539 3468 788 3519; x_wconf 89' lang='lat' dir='ltr'><strong>temere</strong></span> <span class='ocrx_word' id='word_1_340' title='bbox 847 3454 918 3515; x_wconf 93' lang='lat' dir='ltr'><strong>in</strong></span> <span class='ocrx_word' id='word_1_341' title='bbox 978 3454 1289 3517; x_wconf 75' lang='lat' dir='ltr'><strong>adversos</strong></span> <span class='ocrx_word' id='word_1_342' title='bbox 1348 3466 1600 3516; x_wconf 87' lang='lat' dir='ltr'><strong>montes</strong></span> <span class='ocrx_word' id='word_1_343' title='bbox 1658 3474 1693 3515; x_wconf 80' lang='lat' dir='ltr'><strong>s</strong></span> <span class='ocrx_word' id='word_1_344' title='bbox 1803 3475 1887 3515; x_wconf 90' lang='lat' dir='ltr'><strong>en</strong></span> <span class='ocrx_word' id='word_1_345' title='bbox 1952 3454 2257 3537; x_wconf 82' lang='lat' dir='ltr'><strong>erigeret.</strong></span> <span class='ocrx_word' id='word_1_346' title='bbox 2274 3453 2415 3517; x_wconf 54' lang='lat' dir='ltr'><strong>&amp;ld</strong></span> 
     </span>
     <span class='ocr_line' id='line_1_43' title="bbox 307 3533 2407 3619; baseline -0.001 -22"><span class='ocrx_word' id='word_1_347' title='bbox 307 3537 472 3598; x_wconf 78' lang='lat' dir='ltr'><strong>mele</strong></span> <span class='ocrx_word' id='word_1_348' title='bbox 515 3534 926 3599; x_wconf 85' lang='lat' dir='ltr'><strong>commissum</strong></span> <span class='ocrx_word' id='word_1_349' title='bbox 965 3534 1224 3618; x_wconf 83' lang='lat' dir='ltr'><strong>ignavia</strong></span> <span class='ocrx_word' id='word_1_350' title='bbox 1261 3534 1545 3597; x_wconf 89' lang='lat' dir='ltr'><strong>hostium</strong></span> <span class='ocrx_word' id='word_1_351' title='bbox 1586 3533 1654 3594; x_wconf 89' lang='lat' dir='ltr'><strong>in</strong></span> <span class='ocrx_word' id='word_1_352' title='bbox 1745 3553 1941 3597; x_wconf 84' lang='lat' dir='ltr'><strong>onum</strong></span> <span class='ocrx_word' id='word_1_353' title='bbox 1976 3534 2215 3598; x_wconf 78' lang='lat' dir='ltr'><strong>vertit:</strong></span> <span class='ocrx_word' id='word_1_354' title='bbox 2274 3535 2407 3619; x_wconf 88' lang='lat' dir='ltr'><strong>qui,</strong></span> 
     </span>
     <span class='ocr_line' id='line_1_44' title="bbox 306 3611 2415 3711; baseline -0 -33"><span class='ocrx_word' id='word_1_355' title='bbox 306 3616 494 3699; x_wconf 84' lang='lat' dir='ltr'><strong>prius</strong></span> <span class='ocrx_word' id='word_1_356' title='bbox 549 3634 738 3700; x_wconf 81' lang='lat' dir='ltr'><strong>quam</strong></span> <span class='ocrx_word' id='word_1_357' title='bbox 793 3614 875 3676; x_wconf 86' lang='lat' dir='ltr'><strong>ad</strong></span> <span class='ocrx_word' id='word_1_358' title='bbox 927 3614 1290 3695; x_wconf 82' lang='lat' dir='ltr'><strong>conjectum</strong></span> <span class='ocrx_word' id='word_1_359' title='bbox 1352 3614 1471 3677; x_wconf 84' lang='lat' dir='ltr'><strong>teli</strong></span> <span class='ocrx_word' id='word_1_360' title='bbox 1534 3612 1899 3690; x_wconf 81' lang='lat' dir='ltr'><strong>veniretur,</strong></span> <span class='ocrx_word' id='word_1_361' title='bbox 1978 3611 2415 3711; x_wconf 80' lang='lat' dir='ltr'><strong>obstupefacti</strong></span> 
     </span>
     <span class='ocr_line' id='line_1_45' title="bbox 309 3694 2415 3779; baseline 0.001 -22"><span class='ocrx_word' id='word_1_362' title='bbox 309 3694 572 3761; x_wconf 68' lang='lat' dir='ltr'><strong>audacia</strong></span> <span class='ocrx_word' id='word_1_363' title='bbox 613 3700 1073 3770; x_wconf 75' lang='lat' dir='ltr'><strong>Romanorum,</strong></span> <span class='ocrx_word' id='word_1_364' title='bbox 1117 3694 1369 3758; x_wconf 84' lang='lat' dir='ltr'><strong>relictis</strong></span> <span class='ocrx_word' id='word_1_365' title='bbox 1410 3694 1641 3759; x_wconf 84' lang='lat' dir='ltr'><strong>castris</strong></span> <span class='ocrx_word' id='word_1_366' title='bbox 1660 3736 1677 3769; x_wconf 95' lang='lat'>,</span> <span class='ocrx_word' id='word_1_367' title='bbox 1748 3714 1913 3779; x_wconf 78' lang='lat' dir='ltr'><strong>quse</strong></span> <span class='ocrx_word' id='word_1_368' title='bbox 1964 3694 2415 3762; x_wconf 76' lang='lat' dir='ltr'><strong>munitissimis</strong></span> 
     </span>
     <span class='ocr_line' id='line_1_46' title="bbox 308 3770 2417 3857; baseline 0 -18"><span class='ocrx_word' id='word_1_369' title='bbox 308 3788 654 3839; x_wconf 80' lang='lat' dir='ltr'><strong>tenuerent</strong></span> <span class='ocrx_word' id='word_1_370' title='bbox 689 3775 856 3841; x_wconf 83' lang='lat' dir='ltr'><strong>locis</strong></span> <span class='ocrx_word' id='word_1_371' title='bbox 871 3819 888 3851; x_wconf 94' lang='lat'>‚</span> <span class='ocrx_word' id='word_1_372' title='bbox 949 3774 1019 3838; x_wconf 90' lang='lat' dir='ltr'><strong>in</strong></span> <span class='ocrx_word' id='word_1_373' title='bbox 1061 3794 1323 3841; x_wconf 74' lang='lat' dir='ltr'><strong>aversas</strong></span> <span class='ocrx_word' id='word_1_374' title='bbox 1357 3770 1427 3857; x_wconf 70' lang='lat'><strong>¹⁶)</strong></span> <span class='ocrx_word' id='word_1_375' title='bbox 1479 3774 1679 3842; x_wconf 78' lang='lat' dir='ltr'><strong>velles</strong></span> <span class='ocrx_word' id='word_1_376' title='bbox 1720 3772 2082 3840; x_wconf 77' lang='lat' dir='ltr'><strong>desiluere:</strong></span> <span class='ocrx_word' id='word_1_377' title='bbox 2140 3774 2256 3839; x_wconf 88' lang='lat' dir='ltr'><strong>ubi</strong></span> <span class='ocrx_word' id='word_1_378' title='bbox 2316 3795 2417 3839; x_wconf 81' lang='lat' dir='ltr'><strong>sa-</strong></span> 
     </span>
    </p>
   </div>
   <div class='ocr_carea' id='block_1_6' title="bbox 375 3946 1288 4035">
    <p class='ocr_par' dir='ltr' id='par_1_13' title="bbox 375 3946 1288 4035">
     <span class='ocr_line' id='line_1_47' title="bbox 375 3946 1288 4035; baseline 0.008 -22"><span class='ocrx_word' id='word_1_379' title='bbox 375 3950 434 4014; x_wconf 82' lang='lat'><strong>·›</strong></span> <span class='ocrx_word' id='word_1_380' title='bbox 464 3946 1288 4035; x_wconf 55' lang='lat' dir='ltr'><strong>segemu-</strong></span> 
     </span>
    </p>
   </div>
   <div class='ocr_carea' id='block_1_7' title="bbox 315 3904 732 3922">
    <p class='ocr_par' dir='ltr' id='par_1_14' title="bbox 315 3904 732 3922">
     <span class='ocr_line' id='line_1_48' title="bbox 315 3904 732 3922; baseline 0 0"><span class='ocrx_word' id='word_1_381' title='bbox 315 3904 732 3922; x_wconf 95' lang='lat' dir='ltr'><strong> </strong></span> 
     </span>
    </p>
   </div>
   <div class='ocr_carea' id='block_1_8' title="bbox 2530 3640 2534 4259">
    <p class='ocr_par' dir='ltr' id='par_1_15' title="bbox 2530 3640 2534 4259">
     <span class='ocr_line' id='line_1_49' title="bbox 2530 3640 2534 4259; baseline 0 0"><span class='ocrx_word' id='word_1_382' title='bbox 2530 3640 2534 4259; x_wconf 95' lang='lat' dir='ltr'><strong> </strong></span> 
     </span>
    </p>
   </div>
  </div>
 </body>
</html>
