2534 4309
222 64 886 193 ‘··.Lisssn
983 126 1098 211 IV.
1199 124 1460 195 Car.
1556 96 2283 195 52.55.-1215'

31 296 36 306 ⁸
113 310 380 389 avertit.
461 311 799 397 minusque
853 322 990 373 sa'm
1017 310 1393 374 'damnosam
1442 302 1649 375 fuisse
1672 354 1689 383 ,
1734 332 1918 396 quam
1960 310 2201 376 seditio

110 393 338 454 futura
395 388 634 466 fuerit,
691 390 983 455 credunt.
1081 392 1401 454 Defuncta
1461 394 1718 455 civitate
1778 392 2200 474 plurimorum

109 471 398 546 morbis,
463 492 584 554 per
630 472 804 535 aucis
843 471 1216 545 funeribus,
1259 472 1669 554 pestilentem
1709 494 1937 533 annum
1979 473 2199 555 inopia

111 552 412 645 frug-um,
455 492 756 635 negfecto
798 552 974 613 cultu
1015 571 1312 634 agrorum
1330 595 1347 625 ,
1391 550 1490 629 (ut
1523 552 1905 636 plerumque
1944 550 2047 630 fit)
2088 574 2197 617 ex-

113 646 330 713 cepit,
371 636 459 693 M.
501 631 770 713 Papirio
808 633 1122 705 Atratino,
1167 635 1240 694 C.
1282 632 1513 695 Nautio
1555 634 1687 693 Ru·
1805 646 1879 706 U,
1916 664 1965 705 e.
2004 648 2125 711 344,

109 712 234 773 tilo
295 712 686 775 consulibus.
771 714 908 774 Jam
946 710 1148 773 fames
1171 756 1188 786 ,
1253 732 1439 795 quam
1491 712 1692 794 pesti·
1809 732 1860 771 a.
1899 714 1965 772 C.
2006 717 2124 777 408.

111 790 355 866 lentia,
415 792 672 853 tristior
711 804 886 854 erat:
944 791 1046 867 ni,
1076 843 1080 851 .
1111 790 1390 854 dimissis
1428 793 1603 853 cirea
1658 812 1913 866 omnes,
1968 793 2199 873 opulos

113 871 388 953 legatis,
452 871 564 955 qui
601 875 948 952 Etruscum¹
989 892 1198 947 mare,
1255 870 1495 955 quique
1538 870 1829 933 Tiberim
1868 812 2191 943 acl'colnnn

109 950 200 1012 ad
253 950 647 1015 frumentum
699 950 1149 1022 mercandum,
1225 972 1513 1033 annonae
1571 951 1744 1012 foret
1798 952 2199 1015 subventum.

111 1030 416 1111 Superbe
447 1031 526 1091 ab
555 1031 963 1105 Samnitibus,
1009 1032 1120 1113 qui
1149 1031 1426 1112 Capuam
1464 1030 1789 1093 habebant
1816 1035 2197 1115 Cumasque,

107 1110 314 1190 legati
365 1108 684 1193 prohibiti
738 1111 1124 1173 commercio
1165 1123 1347 1171 sunt:
1409 1126 1629 1172 contra
1670 1130 1743 1171 ea
1798 1111 2079 1193 benigne
2122 1109 2201 1171 ab

113 1189 485 1251 Siculorum
539 1190 823 1329 Tarmia
879 1188 1097 1269 adjuti.
1178 1191 1487 1252 maximos
1528 1204 1915 1253 commestus
1956 1210 2202 1251 summo

109 1270 420 1332 Etruriae
453 1282 554 1334 stu
601 1270 664 1331 io
697 1269 960 1331 Tiberis
1004 1269 1285 1332 devexit.
1365 1268 1789 1333 Solitudinem
1832 1270 1901 1329 in
1944 1268 2199 1333 civitate

107 1370 310 1431 aegra
346 1348 616 1442 ‚experti
656 1350 954 1411 eonsules
1009 1363 1190 1411 sunt:
1255 1370 1481 1442 quum,
1544 1348 1614 1409 in
1667 1349 2021 1429 legationes
2064 1370 2197 1410 non

109 1430 264 1511 plns
308 1428 580 1521 singulis
621 1427 1024 1494 senatoribus
1078 1428 1520 1500 invenientes,
1577 1429 1781 1489 coacti
1822 1444 1967 1491 sunt
2006 1429 2199 1499 binos
2306 1448 2315 1457 ·

111 1530 156 1571 e
252 1507 373 1569 'tes
448 1506 754 1587 adjicere.
854 1510 1307 1591 Praeterquam
1370 1507 1449 1569 ab
1518 1508 1748 1570 morbo
1822 1530 2200 1593 annonaque

111 1611 158 1650 n
240 1588 286 1647 ‘1
327 1608 408 1649 eo
448 1586 716 1649 biennio
777 1586 1066 1649 intestini
1110 1587 1441 1651 externive
1482 1588 1871 1649 incommodi
1912 1588 2060 1649 fuit.
2140 1602 2205 1651 at

107 1666 230 1730 ubi
267 1666 391 1729 hae
431 1665 906 1730 sollicitudines
949 1666 1345 1749 discessere,
1392 1667 1627 1740 omnia,
1714 1667 1908 1729 nib-us
1944 1668 2195 1729 turbari

105 1747 304 1811 solita
344 1760 482 1809 erat
521 1745 768 1820 civitas,
813 1744 986 1809 domi
1015 1746 1357 1819 discordia,
1401 1747 1567 1821 foris
1598 1746 1839 1807 belum
1884 1762 2193 1813 estonum.

269 1829 438 1906 LIII.
519 1830 624 1893 M'.
659 1826 724 1904 ¹¹²)
764 1826 1075 1901 Aemilio,
1133 1829 1204 1889 C.
1246 1827 1513 1893 Valerio
1551 1829 1680 1890 1²0-
1811 1840 1877 1897 U.
1917 1859 1973 1899 c,·
2002 1840 2164 1903 345,‚-

112 1907 238 1968 tito
290 1905 699 1979 consulibus,
777 1906 1032 1967 bellum·
1071 1906 1281 1989 Aequi
1346 1905 1685 1989 parabant:
1808 1898 1859 1967 a'.
1899 1908 1965 1968 C.
2003 1918 2123 1972 407-
2296 1976 2299 1979 ,

113 1986 416 2059 Volscis,
481 2006 857 2080 quamquam
897 2007 1028 2048 non
1115 1987 1333 2051 ublico
1374 1985 1669 2059 consilio,
1714 1986 2197 2073 capessentibus

109 2086 327 2139 arma,
388 2065 762 2143 voluntariis
821 2084 1036 2129 merce
1085 2086 1121 2127 e
1177 2066 1413 2128 secutis
1471 2066 1780 2127 militiam.
1881 2064 1981 2127 Ad
2039 2087 2196 2148 quo-

109 2166 254 2205 rnm
293 2146 526 2205 famam
556 2143 836 2215 hosfium
879 2142 1031 2221 (iam
1073 2149 1245 2207 enim
1286 2146 1357 2206 in
1388 2146 1683 2206 Latinum
1711 2146 2195 2227 Hernicumque

107 2222 675 2287 wansscenderant
739 2226 992 2305 agrum)
1065 2224 1379 2288 delectum
1449 2224 1787 2285 habentem
1862 2225 2195 2290 Valerium

107 2304 446 2367 consulem
486 2308 574 2365 M.
615 2305 904 2365 Maenius
943 2301 1240 2367 tribunus
1280 2303 1525 2385 plebis,
1568 2305 1733 2386 legis
1775 2306 2063 2388 agrariae
2101 2304 2192 2364 la-

107 2398 254 2455 tor,
317 2405 514 2467 quum
565 2382 926 2464 inpediret,
993 2384 1359 2467 auxilioque
1412 2384 1652 2445 tribuni
1710 2405 1901 2447 nemo
1955 2385 2195 2447 invitus

111 2477 518 2527 sacramento
559 2462 842 2541 diceret3
885 2478 1154 2545 repente
1197 2464 1523 2525 nuntiatur
1540 2507 1555 2537 ,
1601 2482 1811 2526 arcem
1852 2468 2192 2527 Carventa-

111 2566 260 2605 nam
299 2544 380 2606 ab
417 2542 708 2606 hostibus
751 2558 1118 2624 occupatam
1159 2564 1329 2607 esse.
1408 2547 1503 2607 Ea
1543 2544 1891 2626 ignominia
1933 2557 2193 2625 accepta

105 2645 305 2707 quum
341 2622 514 2705 apud
553 2626 778 2685 Patres
816 2622 1095 2685 invidiae
1137 2621 1396 2685 Maenio
1436 2623 1578 2696 fuit,
1622 2637 1753 2685 tum
1795 2624 2035 2686 ceteris
2072 2624 2191 2684 tri·

105 2704 298 2765 bunis
319 2747 336 2776 ,
399 2702 523 2782 jam
575 2709 720 2765 ante
760 2702 1161 2785 praeparatis
1219 2703 1758 2765 intercessoribus
1800 2702 1967 2787 legis
2008 2722 2188 2785 agra-5

103 2785 278 2857 riae,
355 2782 656 2866 praebuit
713 2781 1049 2861 justiorem
1105 2804 1394 2847 caussam
1460 2782 1805 2846 resistendi
1881 2783 2192 2865 collegae.

8 2862 13 2871 ’
104 2868 192 2927 lta
287 2884 325 2926 e
457 2884 564 2924 um
603 2883 710 2925 res
753 2860 866 2924 diu
892 2864 1076 2925 ducta
1109 2884 1230 2945 per
1256 2862 1733 2925 altercationem
1778 2876 1951 2925 esset
1970 2906 1988 2936 ‚
2032 2882 2189 2924 con-

105 2946 232 3007 auh
279 2964 356 3005 us
465 2962 578 3005 eos
617 2942 1042 3027 hominesque
1080 2942 1517 3016 testantibus,·
1552 2944 1839 3021 quidquid
1890 2944 1967 3002 ab
2004 2942 2189 3001 hosti-

109 3026 214 3087 bus
251 3025 439 3085 cladis
479 3022 1096 3101 ignominiaequeaut
1108 3027 1240 3099 jam
1278 3032 1577 3102 acceptum
1614 3034 1751 3083 esset
1786 3032 1895 3083 aut
1932 3021 2187 3083 iamim-

105 3116 228 3177 νει,
289 3104 527 3183 eulpam
579 3124 750 3182 penes
805 3104 1115 3163 Maenium
1135 3106 1313 3181 fin,
1372 3102 1477 3181 qui
1531 3098 2145 3185 delectum-inpediret
2157 3120 2185 3177 ,⁶

107 3184 371 3247 Maenio
431 3195 655 3245 contra
712 3182 1112 3246 vociferante
1133 3226 1152 3256 ‚
1207 3183 1266 3243 si
1319 3182 1520 3259 injusti
1565 3184 1799 3243 domim·
1850 3180 2189 3261 posses-subm

103 3265 245 3347 αξη·
276 3262 502 3343 publici
513 3292 518 3299 ·
535 3262 822 3333 εεάσνεηί,
859 3284 918 3325 se
957 3284 1187 3323 moram
1218 3262 1469 3323 delectui
1502 3284 1623 3323 non
1636 3267 1842 3340 sacer-s
1852 3284 1883 3338 ς
1922 3259 2185 3322 decreto

107 3342 498 3439 interposito
519 3386 538 3417 ‚
594 3362 828 3405 novem
876 3342 1120 3404 tribuni
1177 3342 1573 3405 sustulerunt
1608 3358 1972 3419 certamen3
2033 3360 2185 3422 pro-

107 3436 694 3505 nuntiaveruntque
735 3442 814 3485 ex
847 3422 1116 3505 ,collegii
1157 3422 1478 3510 sententia
1499 3466 1517 3497 ‚
1580 3422 1648 3482 C.
1696 3421 1927 3482 Valerio
1966 3421 2191 3481 consuli

101 3526 192 3576 se,
254 3507 544 3565 damnum
593 3502 878 3581 aliamque
915 3502 1323 3565 costr-citiorum
1337 3542 1358 3571 ‚
1418 3504 1691 3563 adver-sus
1727 3500 2181 3561 intercessionem

103 3587 376 3663 coUsgoe,
419 3584 668 3643 dasem·
703 3602 902 3644 caussa
927 3581 1375 3643 detrectantibus
1413 3582 1684 3642 militiam
1722 3581 2025 3649 inhibente}
2068 3600 2179 3638 au-

105 3666 250 3725 xilio
271 3666 524 3741 futuros
561 3681 688 3723 ms.
732 3666 876 3724 Hoc
917 3660 1178 3725 decreto
1215 3662 1438 3733 consul
1476 3676 1751 3725 armatus
1793 3680 1985 3746 quum
2026 3680 2177 3739 pau-

105 3745 224 3817 cis,
265 3740 736 3825 adpellantibus
776 3742 1134 3817 tribunum,
1194 3740 1429 3805 collum
1471 3742 1795 3815 torsisset,
1857 3754 2029 3803 metu
2072 3758 2177 3801 ce-

166 3916 224 3979 ⁹)
255 3912 528 3966 Mamm
563 3912 922 3989 GroncCreV.
