2534 4309
338 181 467 231 1214
682 154 1091 221 annn
1190 154 1318 219 ΙΙΙ.
1421 154 1678 221 Car.
1785 158 2064 229 saum.

328 347 489 405 Tum
528 340 819 425 Appius,
880 340 1005 425 jam
1057 358 1265 423 prope
1325 362 1472 405 csse
1529 354 1739 415 ratus,
1803 354 1905 416 ut,
1963 342 2030 402 ni
2073 342 2428 407 violentiae
2529 382 2531 417 i

330 444 547 485 corum
595 421 733 505 pari
774 420 1195 485 resisteretur
1232 422 1516 495 audacia,
1559 422 1798 485 vietum
1835 422 2176 502 imperium
2220 438 2428 484 esset:
2529 426 2531 487 ζ

322 505 465 563 Non
496 504 619 563 'erit
658 502 892 571 melina,
973 500 1201 584 inquit,
1246 502 1365 561 ηῐεί
1399 504 1475 561 de
1513 522 1624 579 quo
1663 502 2029 573 eonsulae'muS,
2073 522 2272 563 vocem
2313 503 2430 561 mi·
2525 500 2531 567 1

320 585 472 643 sisse.
518 596 587 645 et
627 582 705 643 ad
747 580 1109 655 Valerium,
1154 595 1498 663 negantem
1537 602 1610 643 se
1651 583 1904 663 privato
1947 582 2260 655 reticere,
2303 580 2426 642 lic·
2527 578 2531 643 ἑ

285 674 537 725 ‘torem
578 662 889 724 accedere
942 660 1149 739 jussit.
1230 664 1368 723 Jam
1415 662 1770 757 Quiritium
1811 658 2004 723 iidem
2056 662 2122 722 in
2173 662 2427 723 lox-ante
2529 676 2531 703 ³

318 743 589 809 Valerio
630 764 667 803 a
700 742 913 804 curiae
947 742 1191 815 limine,
1238 745 1315 803 L.
1347 742 1688 805 Cornelius
1719 744 2088 823 complexus
2177 742 2424 825 ppium,
2529 746 2531 821 !

326 844 495 897 non,
542 822 713 907 quod
757 820 1091 886 simulabat
1118 823 1219 900 ²¹¹⁶),
1264 821 1698 893 consulendo,
1743 821 2002 883 diremit
2053 830 2422 899 certamen3
2529 862 2531 867 -

322 904 615 986 factaque
659 922 781 985 per
812 901 1183 963 Cornelium
1206 902 1470 967 Valerio
1513 900 1776 963 dicendi
1815 901 2037 985 gratia,
2083 922 2246 985 quae
2285 903 2426 965 vel·

327 986 444 1057 let,
490 1004 683 1066 quum
722 980 1174 1069 libertas‘non
1214 983 1380 1044 ultra
1433 1002 1658 1045 vocem
1699 982 2099 1056 excessisset,
2167 980 2423 1045 decem·

324 1064 452 1127 viri
508 1062 917 1145 propositum
968 1074 1258 1124 tenuere.
1345 1063 1728 1126 Consulares
1780 1082 2039 1159 quoque
2091 1082 2168 1124 ac
2209 1062 2425 1123 senio-

325 1165 432 1207 res
476 1148 555 1205 ab
596 1140 861 1205 residuo
902 1140 1288 1204 tribuniciae
1332 1141 1670 1223 potestatis
1713 1140 1862 1204 odio
1884 1186 1899 1215 ,
1941 1141 2122 1219 cujus
2165 1140 2423 1203 deside-

248 1272 255 1281 .
324 1225 491 1285 rium
530 1222 708 1306 plebi
750 1222 951 1283 multo
982 1222 1210 1297 acrius,
1256 1243 1446 1305 quam
1486 1222 1841 1287 consularis
1868 1222 2145 1303 imperii,
2187 1222 2424 1283 reban-

330 1318 435 1366 tur
478 1324 661 1376 esse,
705 1322 910 1384 prope
952 1302 1290 1375 malebant,
1335 1302 1676 1383 pastmodo
1699 1302 1808 1377 st)
1869 1302 1892 1362 i
1944 1323 2054 1375 sos
2098 1300 2423 1364 decemvi-

324 1405 433 1446 ros
478 1384 799 1447 voluntate
840 1382 1020 1444 abire
1062 1382 1468 1465 magistratu,
1525 1402 1711 1466 quam
1753 1383 1886 1445 invi
1935 1382 1994 1444 ia
2035 1402 2256 1447 eorum
2300 1402 2414 1443 ex-

327 1484 595 1545 surgere
620 1483 841 1523 rursus
864 1460 1139 1541 plebem.
1192 1462 1250 1523 si
1283 1462 1521 1525 leniter
1562 1460 1746 1531 ducta
1788 1483 1894 1525 res
1938 1460 2080 1524 sine
2122 1462 2424 1556 populari

326 1558 458 1605 stre
482 1543 598 1605 ›itu
638 1541 718 1601 ad
758 1542 1051 1603 consules
1094 1540 1407 1623 redisset,
1454 1555 1560 1603 aut
1599 1542 1788 1603 bellis
1834 1542 2262 1623 interpositis,
2307 1556 2419 1604 aut

327 1564 771 1685 moderatione
814 1620 1141 1685 consulum
1183 1622 1249 1683 in
1295 1621 1584 1702 imperiis
1627 1620 2044 1695 exercendis,
2108 1642 2306 1704 posse
2347 1622 2422 1683 in

328 1702 717 1765 oblivionem
760 1699 1161 1763 tribunorum
1203 1702 1458 1782 plebem
1499 1700 1752 1764 adduci.
1837 1700 2112 1763 Silentio
2153 1704 2421 1765 Petrum

326 1782 604 1845 edicitur
646 1780 953 1843 delectus.
998 1778 1325 1859 juniores,
1372 1803 1564 1865 quum
1603 1783 1745 1843 sine
1786 1781 2244 1862 provocatione
2293 1780 2420 1843 'im-

326 1863 581 1944 perium
624 1873 819 1933 esset,
859 1858 940 1921 ad
979 1863 1233 1923 nomina
1275 1860 1693 1942 respondent.
1767 1860 2163 1942 Legionibus
2208 1862 2420 1944 scrip-

327 1942 434 2016 tis,
480 1943 651 2005 inter
692 1961 763 2002 se
792 1940 1140 2003 decemviri
1176 1942 1641 2023 comparabant,
1690 1963 1852 2026 quos
1893 1940 1990 2003 ire
2031 1941 2115 2002 ad
2153 1940 2418 2016 bellum,
2529 1972 2531 2007 ι

374 2044 517 2085 uos.
549 2040 851 2104 praeesse
924 2020 1316 2085 exercitibus
1377 2014 1735 2103 oporte'ret.
1826 2022 2172 2102 Principes
2247 2022 2531 2120 inunt-2¹

328 2044 731 2167 decemviros
772 2099 967 2164 'erant
1028 2102 1109 2197 Q.
1154 2102 1392 2183 Fabius
1447 2114 1515 2164 et
1566 2103 1688 2182 Ap.
1751 2100 2080 2165 Claudius.
2165 2102 2420 2165 Bellum

328 2183 501 2247 domi
558 2182 788 2261 majus,
830 2182 1043 2323 ¹(huam
1098 2182 1294 2256 foris,
1357 2180 1721 2263 adparebat.
1803 2180 2004 2261 Appii
2044 2181 2422 2245 violentiam

326 2263 641 2345 aptiorem
672 2260 795 2323 rati
836 2284 869 2323 a
956 2259 1468 2343 comprimendos
1505 2262 1781 2323 urbanos
1819 2274 2066 2323 motus:
2110 2263 2178 2322 in
2209 2263 2420 2325 Fabio

290 2360 303 2367 ·
326 2344 537 2405 minn's
592 2342 661 2403 in
713 2342 887 2405 bono
940 2354 1270 2415 constans,
1335 2363 1519 2425 quam
1559 2363 1784 2405 navum
1823 2337 1963 2418 ***)
2029 2342 2094 2401 in
2151 2342 2416 2414 malitia,

334 2426 404 2485 in
451 2423 663 2485 eninm
704 2442 871 2485 esse.
950 2424 1139 2485 Hunc
1182 2422 1354 2483 enim
1395 2420 1998 2505 virum-egregium
2039 2422 2195 2484 olim
2237 2420 2422 2485 domi

329 2444 745 2585 militiaeque,
789 2494 1251 2565 decemviratus
1296 2502 1710 2585 collegaeque
1751 2500 1836 2562 ita
1877 2512 2300 2574 mutaverant,
2349 2517 2424 2563 ut
2528 2546 2529 2555 η

328 2583 562 2666 Appii,
620 2602 804 2665 quam
843 2582 979 2654 sui,
1042 2582 1272 2645 similis
1314 2581 1530 2643 mallet
1589 2600 1755 2643 esse.
1837 2581 2006 2643 Huic
2061 2580 2303 2643 bellum
2347 2582 2420 2643 in
2527 2578 2529 2641 ζ

331 2663 621 2735 Sabinis,
687 2664 790 2725 Μ’.
844 2660 1157 2739 Rabuleio
1216 2676 1282 2723 et
1339 2662 1422 2757 Q.
1475 2662 1770 2723 Poetelio
1827 2660 2062 2723 additis
2119 2662 2418 2744 collegis,

328 2742 712 2805 mandatum.
756 2747 846 2803 Μ.
890 2742 1232 2803 Cornelius
1279 2742 1347 2801 in
1387 2738 1686 2836 Algidum
1726 2741 1960 2803 missus
2003 2761 2142 2803 cum
2183 2745 2260 2806 L.
2289 2744 2420 2803 Mi-

328 2826 521 2887 nucio
566 2836 629 2883 et
670 2828 749 2885 Τ.
780 2821 1060 2884 Antonio
1104 2834 1175 2883 et‘
1208 2822 1282 2883 R.
1311 2822 1535 2883 Duilio
1577 2834 1642 2883 et
1681 2826 1768 2883 Μ.
1803 2820 2076 2903 Sergio=
2121 2813 2236 2904 Sp.
2273 2822 2420 2903 Op·
2525 2860 2527 2867 ·

330 2906 507 2987 pium
558 2906 681 2985 Ap.
725 2900 987 2965 Claudio
1028 2900 1382 2981 adjutorem
1435 2904 1515 2963 ad
1551 2900 1774 2963 urbem
1817 2901 2144 2976 tuendam,
2203 2922 2420 2986 aequo

335 2985 617 3049 omnium
660 2981 1165 3045 decemvirorum
1205 2980 1504 3063 imperi0,
1548 2981 1925 3044 decernunt.

494 3065 689 3124 XLII.
770 3062 988 3123 Nihilo
1028 3061 1328 3135 militiae,
1389 3080 1576 3143 quam
1619 3059 1828 3133 domi,
1911 3060 2140 3121 melius
2183 3080 2418 3141 respu-
2525 3090 2527 3097 2

334 3144 503 3209 blica
526 3140 955 3203 administrata
1000 3154 1117 3204 est.
1164 3141 1278 3203 Illa
1315 3138 1510 3203 modo
1550 3142 1618 3201 in
1661 3140 1928 3203 ducibus
1969 3140 2171 3221 culpa,
2217 3140 2418 3223 quod,

336 3238 410 3287 ut
450 3220 602 3287 odio
645 3237 863 3283 essent
902 3220 1177 3296 civibus,
1240 3220 1550 3283 fecerant.
1593 3220 1715 3281 alia
1755 3222 1959 3283 omnis
2000 3240 2202 3300 penes
2243 3221 2420 3281 mili-

336 3318 435 3367 tes
476 3323 637 3363 noxa
664 3315 836 3365 erat:
882 3302 1014 3385 qui,
1059 3322 1141 3363 ne
1184 3301 1340 3385 quid
1381 3298 1572 3363 ductu
1607 3314 1798 3384 atque
1832 3300 2118 3383 auspicio
2161 3300 2421 3363 decem-

336 3384 625 3448 virorum
666 3402 977 3462 prospere
1020 3401 1280 3463 usquam
1323 3394 1688 3476 gereretur,
1753 3380 1919 3443 vinci
1961 3402 2032 3445 se
2119 3400 2194 3441 er
2235 3403 2422 3443 suum

338 3480 527 3546 atque
582 3462 837 3524 illorum
890 3458 1168 3523 dedecus
1220 3460 1644 3541 patiebantur.
1731 3462 1888 3523 Fusi
1931 3475 1998 3522 et
2035 3482 2068 3521 a
2157 3460 2422 3523 Sabinis

338 3544 420 3607 ad
457 3548 752 3614 Eretum,
797 3553 865 3601 et
901 3540 967 3599 in
1008 3540 1241 3623 Algido
1283 3543 1360 3603 ab
1401 3540 1662 3622 Aequis,
1711 3542 2030 3605 exercitus
2073 3554 2278 3603 erant.
2340 3544 2422 3603 ab

336 3628 536 3686 Ereto
578 3642 699 3703 per
729 3619 1053 3682 silentium
1092 3620 1300 3682 noctis
1327 3620 1607 3704 profugi,
1656 3621 1920 3703 propius
1953 3620 2201 3693 urbem,
2247 3620 2428 3685 inter
2524 3638 2525 3677 ἱ

338 3704 616 3765 Fidenas
658 3699 1313 3786 Crustumeriamque,
1368 3700 1514 3763 loco
1560 3700 1736 3764 edito
1777 3714 1982 3763 castra
2021 3703 2428 3765 communie·

405 3872 467 3937 θ)
502 3888 605 3921 non
648 3872 733 3921 cui
777 3868 1049 3921 sinudabat
1091 3854 1412 3933 consulendo,
1451 3866 1664 3939 Kreytt.
1763 3868 1859 3935 ¹⁸)
1889 3870 2208 3938 ptumum
2243 3866 2428 3927 Gron-

500 3938 651 3989 (ἕνα.
720 3933 841 4003 ’*”)
872 3954 1100 4007 gnavum
1130 3935 1278 3994 eaed.
