2534 4309
346 145 477 189 uo
816 124 1780 197 LieERIII.CAr.
1871 148 1937 199 1.

336 334 513 396 quam
572 311 765 375 Roma
835 313 1075 375 condita
1132 324 1296 375 erat.-
1369 326 1584 388 et,·ut
1638 338 1678 376 a
1735 318 1964 397 regibus
2014 310 2098 379 ad
2151 320 2432 391 eonsules,

334 401 420 458 ita
474 414 513 456 a
573 393 897 455 consulibus
926 396 1033 467 'ad
1084 396 1440 458 decemviros
1495 399 1837 465 translatum
1893 399 2222 478 imperium.
2303 400 2394 460 Hi
2409 441 2432 470 ,

334 480 535 538 decem
591 474 798 535 tabulis
859 476 1053 553 legum
1106 476 1337 555 positis,
1408 498 1589 557 quum
1649 480 1903 539 modeste
1959 498 2016 539 se
2071 478 2136 538 in
2193 500 2260 539 eo
2315 482 2432 539 120-

333 580 477 618 nore
529 556 857 635 gessissent,
917 565 976 615 et
1026 557 1101 615 ob
1150 556 1218 615 id
1275 558 1339 617 in
1404 560 1656 620 alterum
1711 578 1932 639 quoque
1981 578 2205 625 annum
2259 580 2438 619 eum-

2532 261 2534 317 A

332 640 473 699 dem
530 656 643 697 esse
694 637 1105 713 magistratum
1153 638 1483 715 placuisset,
1546 640 1769 699 duabus
1829 640 2036 700 tabulis
2091 642 2176 699 ad
2225 640 2439 701 decem
2533 637 2534 644 '

332 717 591 794 adjectis,
634 736 814 795 quum
842 717 1147 794 complura
1189 717 1512 795 inpotenter
1531 719 1826 796 fecissent,
1870 720 2278 797 magistra-tum
2313 742 2438 781 no·-

278 860 281 863 ,
333 801 564 858 luerunt
624 798 941 874 deponere,
1007 806 1064 855 et
1102 796 1167 855 ἰη
1221 796 1458 856 tertium
1507 819 1730 858 annu-m
1781 799 2180 859 retinuerunt.-
2241 801 2438 861 donec

336 879 519 939 inviso
560 896 765 936 eorum
801 876 1047 954 impet-[o
1070 874 1267 947 finem
1305 878 1523 937 adtulit
1562 879 1744 938 libido
1783 878 1898 958 Ap.
1944 876 2200 939 Claudii.
2283 879 2433 957 Qui,

334 979 515 1037 quum
554 955 617 1017 in
642 976 907 1015 amorem
945 956 1188 1033 virginis
1228 956 1536 1030 incidisset,
1577 958 1872 1029 submisso,
1916 960 2018 1039 qui
2043 980 2172 1019 eam
2199 959 2264 1019 in
2299 981 2436 1019 ser-

335 1040 581 1098 vitutem
632 1046 848 1116 peteret
857 1077 882 1106 ,
956 1038 1342 1095 necessilatem
1404 1028 1568 1116 pa‘tri
1625 1042 1742 1113 ejus
1797 1037 2068 1117 Virginio
2129 1038 2429 1119 imposuit,

336 1130 507 1198 rapto
548 1138 620 1177 ex
662 1117 901 1175 taberna
936 1116 1210 1195 proxima
1250 1116 1460 1188 cultra,
1504 1129 1570 1177 ut
1587 1118 1792 1189 ,sileam
1817 1116 2172 1179 interimeret
2179 1142 2206 1195 ,-
2247 1140 2436 1199 quum

336 1200 508 1258 aliter
562 1218 690 1257 eam
733 1196 887 1254 tueri
938 1217 1059 1255 non
1092 1207 1314 1275 posset,
1374 1218 1447 1257 ne
1485 1198 1548 1259 in
1581 1206 1920 1292 potestatem
1959 1206 2227 1277 stuprum
2269 1200 2432 1258 inla-

339 1278 463 1339 turi
500 1278 733 1337 veniret.
774 1276 905 1335 Hoc
946 1286 1068 1335 tam
1102 1295 1351 1355 magnae
1387 1276 1656 1337 lit-rumne
1694 1280 1953 1357 exemplo
1993 1280 2148 1358 plebs
2186 1278 2438 1339 incitata

340 1370 597 1419 montem
636 1356 992 1416 Aventinum
1031 1358 1366 1437 occupavit,
1427 1359 1726 1437 eoi-‘gitque
1765 1358 2120 1419 decemviros
2155 1358 2439 1420 abdicare

335 1461 395 1499 se
420 1438 782 1517 magistratu.
826 1457 901 1497 ea·
930 1438 1131 1513 quibus
1152 1435 1377 1516 Appius
1417 1447 1475 1497 et
1515 1458 1662 1501 unus
1699 1439 2072 1516 collegarum,
2115 1438 2218 1533 qui
2251 1460 2438 1518 prae-

336 1519 505 1597 cipue
544 1536 788 1597 poenam
818 1527 1166 1589 meruerunt,
1208 1517 1272 1577 in
1309 1538 1600 1578 cnr-cerem
1637 1520 1883 1595 conjecti
1891 1539 1920 1595 5
1959 1528 2133 1578 ceter-1
2163 1518 2228 1579 in
2268 1520 2434 1578 ersi-

338 1598 486 1658 lium
524 1597 659 1657 acti.
740 1595 856 1655 Res
890 1606 1185 1676 praeterea
1222 1608 1430 1658 contra
1467 1598 1742 1670 Sabinos,
1795 1608 1853 1657 et
1895 1599 2155 1670 Volscos,
2209 1606 2266 1659 et
2303 1599 2435 1659 Ae·-

256 1754 265 1759 ·
336 1700 479 1756 quos
516 1696 785 1758 prospere
818 1686 1007 1753 gestas
1044 1676 1330 1749 continet,
1373 1687 1432 1737 et
1463 1698 1680 1756 parum
1718 1682 2019 1739 honestum
2055 1678 2260 1758 populi
2297 1678 2436 1738 Ro-

340 1758 507 1818 mani
540 1755 875 1833 jmiieiumz
938 1756 1068 1834 qui,
1110 1758 1301 1832 judex
1343 1758 1494 1818 inter
1529 1759 1812 1820 Ardeates
1861 1768 1918 1817 et
1953 1758 2227 1821 Aricinos
2261 1778 2434 1819 mm·-

340 1848 449 1910 tus,
490 1858 705 1918 agrum
718 1878 740 1909 ,
782 1837 858 1897 de
896 1856 1009 1915 quo
1046 1836 1468 1915 ambigebatur,
1507 1838 1622 1899 sibi
1653 1838 2034 1915 adjudicavit.

376 2118 449 2175 U.
485 2137 535 2179 c,
574 2120 690 2187 ²37·
845 2106 897 2169 Ι.
977 2102 1173 2167 Antio
1215 2114 1422 2185 capto,
1463 2084 1918 2175 Ti.‚Aemilius
1962 2116 2027 2167 et
2067 2104 2151 2201 Q.
2190 2104 2436 2171 Fabius

375 2208 424 2245 a.
460 2190 525 2247 C.
564 2188 680 2251 465.
790 2186 1091 2249 consules
1158 2180 1340 2247 fiunt.
1435 2185 1562 2247 Hie
1633 2200 1770 2249 erat
1825 2184 2064 2247 Fabius
2125 2186 2434 2277 Quintus,

428 2268 452 2329 i
520 2290 683 2329 unus
758 2267 1109 2331 exstinctae
1170 2263 1251 2326 ad
1307 2266 1674 2327 Cremeram
1751 2267 1942 2349 genti⁴
1996 2267 2430 2349 superfuerat.

379 2370 477 2411 am
536 2348 761 2430 priore
802 2346 1133 2411 consulatu
1174 2344 1488 2409 Aemilius
1546 2343 1740 2405 dandi
1795 2346 1935 2429 agri
1985 2346 2184 2428 plebi·
2215 2346 2438 2409 suerat

338 2443 575 2491 auctor.
643 2432 859 2512 Itaque
904 2425 1187 2489 secundo
1233 2444 1492 2510 quoque
1529 2427 1860 2488 consulatu
1901 2425 2040 2507 ejus
2083 2439 2150 2490 et
2189 2428 2434 2510 agrarii

340 2531 411 2572 se
454 2510 523 2570 in
566 2528 747 2591 spem
785 2508 951 2591 legis
996 2505 1354 2579 erexerant,
1401 2519 1468 2567 et
1505 2505 1766 2567 trubuni
1807 2527 1966 2581 rem,
2009 2520 2232 2570 eontra
2271 2528 2433 2569 con-

340 2592 515 2653 sules
558 2610 749 2669 saepe
789 2602 1091 2651 tentatam
1115 2630 1131 2660 ,
1177 2586 1469 2667 adjutore
1511 2586 1733 2669 utique
1774 2588 2078 2660 consule,
2141 2586 2434 2649 obtineri

339 2690 535 2753 posse
588 2672 731 2743 rati,
788 2668 1186 2750 suscipiunt3
1253 2680 1321 2730 et
1371 2664 1596 2729 consul
1645 2667 1944 2729 manebat
1995 2667 2064 2727 in
2103 2668 2434 2729 sententia

340 2774 469 2813 sua.
551 2752 974 2813 Possessores
1030 2760 1097 2808 et
1134 2768 1360 2829 magna
1399 2766 1549 2829 pars
1591 2749 1883 2822 Petrum,
1945 2743 2310 2809 tribuniciis
2351 2768 2430 2809 se

336 2830 577 2911 jactare
630 2829 988 2892 actionibus
1040 2828 1404 2927 principem
1446 2824 1722 2893 civitatis
1745 2868 1763 2902 ,
1825 2840 1894 2890 et
1917 2828 2044 2887 ‘lar
2089 2826 2282 2889 iendo
2342 2826 2430 2889 de

337 2912 553 2973 alieno
594 2912 969 2993 popularem
1020 2908 1166 2971 {ieri
1208 2922 1586 2993 querentes,
1649 2908 1846 2971 totius
1875 2907 2021 2971 invi
2069 2909 2192 2969 iam
2244 2906 2349 2968 rei
2389 2930 2434 2969 a

335 2992 613 3054 tribunis
656 2992 725 3052 in
765 2990 1096 3053 consulem
1134 3000 1516 3053 averterant.
1571 2989 1774 3051 Atrox
1815 3002 2140 3051 oerwmen
2181 2985 2431 3063 aderat,

338 3073 412 3133 ni
452 3071 690 3133 Fabius
744 3070 1021 3133 consilio
1077 3068 1294 3132 neutri
1333 3068 1502 3150 parti
1553 3068 1790 3132 acerbo
1839 3090 1982 3129 rem
2033 3065 2430 3148 expedisset.

340 3156 419 3214 Τ.
478 3151 768 3244 Quinctii
824 3150 1020 3212 ductu
1070 3165 1139 3213 et
1196 3148 1486 3231 auspicio
1543 3150 1685 3232 agri
1745 3149 1915 3231 capti
1971 3150 2194 3231 priore
2253 3169 2433 3211 anno

336 3232 802 3314 aliquantuma
832 3232 1087 3295 Volscis
1129 3250 1308 3293 esset
1351 3230 1636 3305 Antium,
1680 3250 1800 3312 pro
1847 3230 2136 3316 inquam,
2179 3248 2430 3311 oppor—

334 3327 574 3385 tunam,
618 3326 683 3374 et
719 3310 1097 3373 maritimam
1135 3311 1384 3386 urbem,
1430 3312 1747 3373 coloniam
1835 3308 2023 3372 ethici
2061 3328 2290 3391 posset
2336 3311 2434 3372 ita

337 3394 480 3454 sine
524 3392 808 3476 querelis
851 3412 1298 3474 possessorum
1338 3391 1595 3473 plebem
1637 3392 1706 3452 in
1746 3412 1936 3473 agros
1970 3391 2220 3463 ituram,
2263 3388 2433 3451 civi-

336 3486 529 3534 tatem
598 3473 668 3534 in
728 3472 1071 3536 eoncordia
1128 3472 1296 3534 fore.
1377 3474 1558 3534 Haec
1611 3470 1929 3533 sententia
1981 3482 2241 3552 accepta
2303 3484 2430 3533 est.

340 3552 745 3615 Triumviros
803 3572 958 3635 agro
1012 3552 1217 3614 dando
1277 3566 1458 3615 creat
1513 3556 1589 3614 Τ.
1635 3552 2038 3645 Quinctium,
2081 3552 2158 3613 A.
2201 3548 2432 3634 Virgi-

336 3633 537 3707 nium‚
580 3637 657 3695 P.
700 3636 987 3697 Furium.
1027 3631 1188 3713 jussi
1226 3634 1487 3696 nomina
1529 3632 1704 3708 dare,
1748 3632 1861 3716 qui
1889 3652 2109 3726 agrum
2125 3630 2434 3711 accipere

338 3713 600 3775 vellent.
680 3714 871 3777 Fecit
909 3714 1145 3790 statim,
1187 3729 1258 3777 ut
1297 3711 1405 3790 fit,
1449 3714 1776 3775 fastidium
1817 3732 2046 3795 cop1a;
2129 3710 2434 3794 adeoque

336 3793 530 3935 &auci
568 3794 828 3857 nomina
869 3792 1135 3870 dedere,
1176 3807 1249 3856 ut
1287 3792 1370 3859 ad
1409 3795 1797 3877 explendum
1835 3812 2168 3855 numerum
2207 3792 2434 3854 coloni

402 3872 563 3933 olsei
642 3873 1069 3938 adderentur:
1152 3890 1370 3937 cetera
1449 3872 1788 3937 multitudo
1847 3892 2120 3956 poscere
2177 3875 2434 3935 Romae

338 3971 559 4031 agrum
602 3954 789 4015 malle
810 3998 828 4027 ‚
910 3976 1096 4038 quam
1128 3956 1296 4017 alibi
1353 3957 1674 4043 accipere.
1755 3954 1966 4039 Aequi
2019 3972 2055 4016 a
2095 3950 2178 4041 Q.
2220 3952 2434 4017 Fabio
