2534 4309
370 148 431 217 L
476 168 503 216 ι
554 167 593 215 s
640 166 685 217 ι
727 164 781 249 1}
875 148 1002 219 111.
1101 147 1159 215 C
1208 166 1251 216 Α
1303 168 1366 217 r.
1472 152 1589 223 4‘2.
1643 144 1764 223 45.
1823 151 1958 223 44..
2070 138 2218 224 '145

92 350 283 398 ‹rant-
336 334 706 429 persecutis
756 332 1052 399 hostibus
1106 352 1416 419 nusquam
1475 355 1548 398 se
1601 330 1814 419 ‘aequo
1869 322 2230 400 certaminov

112 430 625 491 committentes,
685 429 909 478 natura
950 414 1079 479 loci
1120 434 1193 476 ae
1234 415 1435 490 vallo,
1489 437 1624 489 non
1678 418 1915 487 virtute
1969 430 2079 480 aut
2116 420 2220 479 αι’-ἑ

115 496 257 564 mis,
306 496 693 561 tutabantur.
772 498 976 575 Maius
1018 492 1332 579 flagitium
1373 496 1442 555 in
1485 496 1742 579 Algido,
1786 496 1992 579 major
2030 500 2222 561 etiam

118 577 339 639 clades
381 591 681 659 aecepta:
757 590 967 641 castra
1009 591 1261 660 quoque
1305 576 1534 639 amissa
1578 590 1799 656 erant3
1863 590 2224 664 exutusque

118 657 423 719 omnibus
468 657 849 719 utensilibus
890 658 1097 730 miles,
1144 658 1490 718 Tusculum
1531 678 1634 731 se,
1679 656 1807 719 fide
1849 657 2222 722 misericor-

120 740 359 821 diaque
400 738 683 801 victurus
742 738 1101 819 hospitum,
1166 736 1725 821 (quaesamcnff)
1787 759 1920 800 non
1963 738 2224 802 fefelle-

118 826 301 895 runt)
346 820 725 887 contulerat.
810 821 1074 879 Romam
1117 818 1277 877 tanti
1319 831 1500 879 erant
1541 826 1846 881 terrores·
1873 817 2086 894 adlati,
2131 834 2224 892 ut,

170 897 513 977 osito.jam
556 898 971 960 decemvirali
1012 897 1181 971 odic,
1227 901 1456 959 Patres
1499 898 1753 981 vigilias
1796 900 1864 959 in
1906 900 2067 962 urbe
2107 898 2223 961 ha-

168 979 371 1041 endas
412 993 797 1041 censerent:
859 998 1118 1052 omnes,
1177 978 1288 1061 qui
1347 998 1468 1059 per
1507 994 1776 1042 aetatem
1823 1000 2002 1041 arma
2043 980 2228 1059 ferre

120 1072 413 1143 possent,
460 1058 785 1121 custodire
830 1060 1101 1133 moenia,
1146 1078 1221 1120 ac
1258 1079 1382 1140 pro
1424 1059 1634 1139 portis
1676 1058 1985 1131 stationes
2028 1078 2230 1143 agero

124 1142 469 1222 juberent:
514 1162 683 1202 arma
712 1140 1059 1203 Tusculum
1102 1138 1183 1200 ad
1222 1158 1342 1219 sup
1392 1139 1740 1201 lementum
1772 1141 2232 1215 decernerent,

126 1220 682 1304 decemvirosque,
728 1219 805 1281 ab
841 1239 988 1282 arce
1016 1220 1296 1291 ‘'I'usculi
1325 1158 1691 1315 degressos,
1736 1222 1804 1280 in
1835 1220 2068 1285 castris
2105 1220 2226 1284 mi-

120 1302 303 1363 litem
360 1299 639 1362 haberet
700 1314 903 1363 castra
946 1300 1069 1360 alia
1128 1320 1161 1360 a
1202 1298 1472 1363 Fidenis
1536 1301 1600 1360 in
1645 1299 2232 1385 Sabinum'agrum

121 1380 513 1443 transferri:
543 1382 872 1465 ‘belloque
926 1382 1097 1441 ultro
1153 1380 1499 1443 inferendo
1544 1382 1866 1444 deterreri
1925 1381 2148 1445 hostes
2190 1402 2232 1444 a

122 1460 405 1526 oonsilio
448 1460 627 1523 urbis
672 1462 757 1523 ob
806 1485 847 1523 u
892 1460 1163 1523 nan'dae.
1655 1522 1666 1531 ,

284 1543 515 1602 xfflu.
596 1542 695 1605 Ad
738 1484 831 1603 effa
880 1562 949 1603 es
990 1539 1070 1602 ab
1110 1538 1405 1603 hostibus
1447 1552 1740 1623 acceptas
1783 1540 1908 1605 duo
1951 1538 2232 1605 nefanda

118 1622 419 1685 facinora
465 1620 815 1686 decemviri
856 1623 1015 1683 belli
1066 1620 1368 1705 domique
1411 1619 1742 1701 adjiciunt.
1827 1624 1903 1683 L.
1947 1621 2232 1684 Siccium

118 1704 191 1765 in
234 1702 535 1773 Sabinis,
594 1724 715 1785 per
755 1702 1061 1767 invidiam
1106 1698 1600 1764 decemviralem
1641 1702 2046 1765 tribunorum
2085 1708 2232 1766 cre-

121 1782 439 1846 andorum
497 1783 1021 1867 secessionisque
1076 1782 1440 1845 mentiones
1518 1784 1597 1845 ad
1659 1784 1893 1865 vulgus
1951 1782 2246 1846 militum‘

122 1864 539 1935 sermonibus
582 1864 848 1927 occultis
902 1876 1258 1938 serentem,
1321 1864 1841 1945 prospeculatum
1896 1862 1977 1924 ad
2018 1864 2234 1927 locum

124 1945 359 2007 eastris
435 1944 817 2025 capiendum
878 1944 1159 2004 mittunt.
1238 1942 1424 2004 datur
1495 1944 1824 2025 negotium
1891 1942 2250 2017 militibus,'

126 2046 293 2109 quos
336 2024 648 2087 miserant
690 2024 1118 2119 expeditionis
1162 2022 1304 2104 ejus
1345 2024 1646 2097 comites,
1691 2038 1762 2085 ut
1803 2046 1948 2086 eum
1990 2040 2234 2107 oppor-

122 2119 287 2167 tuno
330 2104 541 2166 adorti
583 2105 727 2167 loco
766 2103 1227 2167 interficerent.
1273 2104 1463 2164 Haud
1504 2105 1773 2165 inultum
1815 2104 2233 2168 interfecere.
2319 2108 2327 2114 “

121 2206 275 2245 nam
336 2184 509 2245 circa
580 2198 1047 2269 repugnantem
1126 2185 1369 2268 aliquot
1427 2184 1842 2246 insidiatores
1910 2184 2232 2260 cecidere,

124 2287 327 2349 quum
372 2265 517 2346 ipse
561 2286 634 2327 se
674 2264 1115 2347 praevalidus,
1177 2265 1321 2359 pari
1369 2263 1616 2326 viribus
1659 2264 2234 2338 animoscircum-

122 2360 363 2411 ventus
416 2358 747 2407 tutaretur.
834 2345 1138 2406 Nuntiant
1179 2366 1247 2405 ιιι
1302 2360 1506 2406 castra
1545 2346 1780 2419 ceteri,
1845 2344 2237 2428 praecipita-

122 2442 261 2489 tum
318 2426 388 2486 in
430 2425 700 2489 insidias
746 2446 889 2488 esse
934 2426 1215 2488 Siccium
1271 2444 1426 2509 egre
1477 2426 1536 2485 ie
1575 2440 1998 2509 pugnantem,
2026 2426 2238 2486 'mili-

123 2522 361 2591 tesque
402 2506 710 2587 quosdam
762 2527 903 2569 cum
960 2527 1040 2567 eo
1083 2507 1369 2566 amissos.
1509 2506 1673 2567 rimo
1731 2504 1892 2568 fides
1935 2506 2261 2568 nuntian-=

126 2589 300 2649 tibus
346 2586 494 2647 suit.
578 2584 882 2649 Profecta
935 2584 1172 2649 deinde
1215 2586 1448 2649 cohors
1489 2588 1568 2649 ad
1612 2584 2058 2669 sepeliendos,
2123 2587 2258 2671 qui'

124 2668 537 2740 ceciderant,
599 2666 1113 2731 decemvirorum
1170 2666 1536 2749 permissu,
1600 2681 1936 2765 postquam
1993 2666 2238 2728 nullum

127 2748 482 2831 spoliatum
524 2746 619 2809 ibi
660 2768 773 2810 cor
820 2770 913 2820 us,
960 2746 1368 2831 Sicciumque
1412 2747 1478 2807 in‘
1520 2746 1733 2808 medio
1777 2746 2092 2827 jacentem
2135 2750 2270 2806 ar-'

124 2842 530 2911 matumque,
590 2768 885 2890 omnigus
929 2828 999 2887 in
1043 2848 1188 2889 eum
1228 2827 1438 2891 versis
1483 2828 1902 2909 corporibus,
1967 2825 2236 2905 videre3

122 2906 414 2971 hostium
474 2926 685 2991 neque
729 2928 965 2991 corpus
1018 2908 1254 2982 ullum,
1324 2916 1446 2969 nee
1504 2908 1778 2989 vestigia
1821 2906 2272 2985 abeuntium3‘

124 2988 431 3071 profecto
474 2988 555 3048 ab
600 2988 731 3051 suis
776 2986 1186 3053 interfectum
1238 3002 1703 3060 memorantes,
1766 2985 2052 3049 retulere
2093 2991 2268 3048 cor-‘

124 3090 269 3152 pus.
356 3067 771 3153 Invidiaeque
832 3071 1024 3151 plena
1086 3082 1294 3129 castra
1349 3080 1567 3139 erant,
1634 3082 1699 3129 et
1756 3072 2024 3130 Romam
2073 3066 2278 3149 ferri-

126 3150 431 3231 protinus
478 3149 757 3212 Siccium
810 3150 1138 3231 placebat,
1200 3148 1288 3229 ni·
1315 3146 1667 3211 decemviri
1710 3149 1901 3209 funus
1957 3147 2246 3210 militare

29 3251 49 3259 ·
128 3232 196 3291 ei
236 3230 500 3325 publica
543 3230 813 3311 inpensa
852 3230 1071 3291 facere
1112 3242 1556 3291 maturassent.
1639 3230 1947 3324 Sepultus
1991 3227 2244 3310 ingenti

124 3312 409 3373 militum
455 3310 810 3398 moestitia,
855 3310 1133 3393 pessima
1176 3310 1694 3373 decemvirorum
1735 3331 1804 3369 m
1855 3307 2085 3391 vulgus
2146 3308 2244 3371 fa-

124 3410 269 3464 ma,
312 3404 437 3452 est.
1012 3434 1017 3443 -
1779 3441 1784 3447 .

290 3470 524 3545 XLIV.
610 3470 921 3555 Sequitur
980 3468 1154 3531 aliud
1201 3468 1280 3543 jn
1333 3468 1496 3531 urbe
1539 3468 1755 3544 nefas,
1823 3468 1901 3533 ab
1964 3467 2244 3533 libidine

130 3566 385 3625 ortum,
444 3550 616 3612 haud
674 3552 881 3615 minus
922 3550 1120 3613 foedo
1164 3562 1437 3623 eventu,
1503 3570 1686 3633 quam
1732 3549 1903 3633 quod
1943 3568 2066 3631 per
2107 3564 2244 3611 stu-

132 3653 321 3713 prum
384 3631 777 3717 caedemque
833 3633 1177 3694 Lucretiae
1230 3630 1394 3691 urbe
1453 3652 1527 3692 re
1622 3652 1788 3715 oque
1847 3629 2243 3713 Tarquinios

136 3734 173 3773 e
258 3714 511 3775 ulerat:
560 3726 631 3774 ut
670 3736 805 3775 non
847 3710 997 3775 finis
1042 3712 1255 3774 solum
1297 3710 1469 3773 idem
1559 3709 1938 3783 ecemviris,
1985 3710 2095 3794 qui
2133 3728 2242 3769 re-

138 3794 197 3875 ς’
244 3814 359 3869 us,
427 3790 549 3855 sed
589 3814 813 3857 caussa
855 3794 1047 3857 etiam
1086 3791 1316 3856 eadem
1367 3789 1630 3875 imperii
1670 3788 2000 3853 amittendi
2042 3802 2240 3853 esset.

196 3964 259 4029 ⁴)
288 3968 387 4037 qui
418 3951 527 4015 tim
563 3956 738 4023 ΟΜ.
772 3958 933 4025 ΕΜ.

265 4048 445 4101 &aaa
511 4046 565 4105 Ῑ.
1643 4069 1650 4079 ¹
1759 4050 1846 4099 lo
