2534 4309
486 116 545 187 L
592 137 713 195 rs-
757 134 800 189 Ε
847 136 899 187 n
991 118 1111 227 IV.
1210 120 1267 189 G
1315 138 1364 187 a
1411 138 1478 191 r·
1585 136 1692 190 ιι.
1755 132 1867 185 12.
2079 111 2208 183 181

296 308 407 367 XI.
492 305 807 371 Consules
861 298 1083 378 erhnt
1141 310 1229 369 M.
1273 305 1541 371 Fabium
1593 306 1710 374 vi·
1830 316 1903 379 U.
1937 335 1989 377 ο.
2027 318 2148 380 315.

132 386 458 462 bulanum,
500 390 873 449 Postumum
910 384 1256 449 Aebutium
1277 386 1712 451 cornicinem.
1831 406 1884 446 a.
1921 386 1988 446 C.
2025 388 2148 459 ⁴³9·

126 466 374 531 Fabius
416 480 483 529 ct
522 466 837 529 Aebutius
860 456 1204 541 Consules,
1250 489 1378 551 quo
1417 464 1644 544 majori
1687 466 1935 549 gloriae
1969 482 2219 549 rerum,

128 546 307 609 domi
350 548 644 631 forisque
686 562 1048 630 gestarum,
1112 546 1462 609 succedere
1503 566 1576 609 se
1617 546 1968 613 cernebant
1994 590 2012 621 ,
2059 543 2220 623 (ms,-

126 628 301 689 xime
342 642 553 691 autem
592 627 1075 689 memorabilem
1124 649 1360 695 annum
1411 626 1582 721 apud
1641 624 1948 691 finitimos
2002 624 2220 687 socios

128 708 491 793 hostesque
532 728 675 771 esse
698 752 717 783 ,
779 706 956 791 qnod
992 707 1378 773 Ardeatibus
1436 728 1504 769 in
1545 728 1619 773 re
1661 705 2010 791 praecipiti
2046 718 2220 769 tanta

124 789 309 851 foret
346 810 499 851 cura
529 784 939 864 subventum)
983 810 1063 851 eo
1107 789 1465 873 inpensius,
1509 802 1580 855 ut
1616 784 1912 849 delerent
1950 802 2217 867 prorsus

132 892 217 931 ex
258 870 490 931 animis
542 868 871 935 hominum
912 868 1245 933 infamiam
1279 867 1539 949 judicii,
1602 864 2220 951 senatusconsultum

128 950 469 1023 fecerunt,
526 964 625 1023 ut,
734 949 991 1028 uonbm
1056 950 1284 1031 civitas
1323 948 1700 1013 Ardeatium
1754 945 2065 1009 intestino
2107 956 2218 1007 ‘tu-

126 1031 339 1091 multu
368 1030 695 1093 redacta-a
772 1026 1011 1111 paucos
1054 1044 1245 1102 esset,
1289 1028 1505 1096 coloni
1539 1050 1618 1091 eo
1657 1026 1968 1110 praesidii
1997 1044 2220 1090 caussa

126 1110 442 1173 adversus
482 1112 759 1175 Volscos
822 1111 1285 1173 scriberentur.
1363 1112 1509 1173 Hoc
1561 1110 1768 1191 palam
1821 1108 2094 1169 relatum
2153 1104 2223 1165 in

128 1192 417 1264 tabulas,
476 1205 547 1253 ut
588 1191 845 1285 plebem
898 1190 1327 1275 tribunosque
1381 1190 1638 1257 falleret
1695 1188 1923 1267 iudicii
1973 1186 2220 1249 rescin-

130 1270 335 1333 dendi
376 1272 723 1335 consilium
766 1271 1021 1351 initum..
1096 1268 1570 1337 Cons'enserant
1609 1283 1840 1341 autem,
1885 1282 1974 1341 ut,
2018 1266 2222 1329 multo

128 1350 380 1431 majore
424 1366 606 1435 parte
648 1352 1031 1415 Rutulorum
1072 1352 1486 1425 colonorum,
1541 1373 1724 1449 quam
1764 1352 2220 1420 Romanorum,

127 1433 400 1527 scripta,
446 1454 569 1497 nec
606 1452 762 1515 ager
795 1433 962 1499 ullus
996 1432 1418 1505 divideretur,
1463 1431 1588 1493 nisi
1618 1432 1696 1503 is,
1739 1430 1852 1515 qui
1895 1430 2221 1508 intercep-

128 1529 235 1577 tus
265 1512 509 1595 judicio
534 1512 759 1575 infami
794 1526 974 1590 erat3
1016 1534 1141 1576 nec
1170 1513 1290 1575 ulli
1319 1512 1506 1596 prius
1538 1516 1830 1578 Romano
1875 1510 1990 1586 ibi,
2035 1526 2224 1603 quam

126 1594 431 1655 omnibus
472 1594 731 1661 Rutulis
797 1590 1040 1660 divisus
1084 1596 1288 1667 esset,
1347 1592 1538 1675 gleba
1577 1592 1706 1655 ulla
1747 1592 1886 1673 agri
1927 1590 2222 1672 adsigna-

126 1688 339 1741 retur.
403 1674 515 1736 Sic
553 1696 711 1758 ager
749 1671 829 1734 ad
870 1672 1183 1737 Ardeates
1224 1672 1445 1736 rediit.
1527 1671 1878 1741 Triumviri
1922 1668 2004 1733 ad
2043 1668 2220 1734 eelo-

126 1756 303 1823 niam
346 1740 625 1817 Aideam
669 1752 1103 1823 deducendam
1146 1755 1346 1819 creati
1385 1756 1676 1838 Agrippa
1720 1752 2097 1823 Menenius,
2143 1750 2222 1814 T.

128 1833 431 1898 Cloelius
464 1836 752 1914 Siculus,
812 1838 903 1897 M.
944 1834 1260 1903 Aebutius
1300 1835 1477 1911 Elva.
1561 1836 1708 1923 qui,
1775 1855 1898 1917 per
1956 1831 2221 1895 minime

128 1938 213 1997 po
264 1916 445 1977 ulare
486 1916 918 1979 ministerium
970 1936 1126 1997 agro
1170 1914 1565 2000 adsignando
1607 1916 1828 1991 sociis,
1873 1934 2062 1998 quem
2151 1932 2222 1975 o-

130 2019 217 2079 pu
244 2018 323 2057 us
362 2000 687 2061 Romanus
730 2018 915 2059 suum
959 1995 1322 2079 judicasset,
1368 2018 1562 2080 quum
1603 1996 1861 2079 plebem
1903 1932 2218 2058 offendis·

128 2092 313 2151 sent,
358 2096 441 2141 ne
480 2077 878 2173 primoribus
923 2077 1181 2165 quidem
1221 2080 1484 2143 Patrum
1525 2078 1678 2141 satis
1720 2076 2002 2157 accepti,
2047 2068 2223 2158 quod

130 2158 291 2219 nihil
338 2172 581 2239 gratiae
618 2156 989 2241 cujusquam
1033 2156 1385 2233 dederant,
1439 2158 1850 2235 vexationes,
1893 2154 1976 2217 ad
2011 2173 2222 2236 popu-

126 2239 259 2299 lum
306 2236 429 2313 iam
471 2238 579 2299 die
623 2237 787 2299 dicta
833 2237 911 2298 ab
951 2238 1254 2313 tribunis,
1299 2239 1516 2301 coloni
1552 2240 1616 2315 ⁴)
1663 2235 1975 2317 adscripti
2015 2254 2223 2297 rema-

124 2318 349 2380 nendo
389 2318 783 2393 incolonia,
849 2339 1037 2409 quam
1086 2324 1319 2389 testem
1361 2318 1752 2409 integritatis
1805 2315 2222 2401 justitiaeque

122 2399 469 2473 habebant,
514 2401 820 2467 vitavere.
1230 2413 1242 2424 '
1327 2439 1338 2451 ·
1549 2439 1556 2452 ι

282 2482 427 2547 xn.
510 2484 645 2541 Pax
686 2478 859 2544 domi
900 2478 1195 2564 forisque
1236 2477 1364 2543 fuit
1415 2494 1484 2541 et
1519 2479 1647 2541 hoe
1687 2490 1756 2540 et
1859 2491 1932 2551 U,
1971 2508 2022 2547 ο.
2059 2495 2180 2554 524.

124 2562 514 2646 insequente
554 2578 742 2634 anno,
787 2560 1094 2627 C9Furio
1123 2562 1348 2623 Pacilo
1389 2576 1456 2623 et
1495 2564 1581 2621 M.
1626 2564 1749 2621 Pa·
1859 2579 1908 2613 a.
1945 2560 2010 2617 C.
2051 2564 2172 2624 458.

124 2643 300 2722 pirio
344 2644 577 2705 Crasso
618 2638 1011 2709 consulibus,
1060 2640 1267 2715 Ludi,
1293 2640 1372 2705 ab
1415 2638 1800 2703 decemviris
1839 2660 1964 2721 pet
2003 2662 2220 2709 seces..

120 2723 381 2785 sionem
424 2721 639 2803 plebis
699 2742 735 2785 a
790 2720 1091 2783 Patribus
1146 2743 1226 2783 ex
1285 2720 1838 2787 senatusconsulto
1892 2723 2060 2795 voti,
2137 2750 2220 2795 so

118 2824 289 2866 anno
334 2802 489 2867 facti
530 2814 702 2874 sunt.
787 2804 1021 2867 Caussa
1061 2798 1458 2869 seditionum
1497 2800 1930 2886 nequidquam
1970 2824 2005 2863 a
2045 2807 2218 2873 Poe..

118 2884 281 2945 telio
328 2883 636 2965 quaesita.
683 2885 813 2966 qui,
876 2880 1171 2945 tribunus
1232 2882 1447 2964 plebis
1505 2882 1738 2943 iterum
1799 2901 1875 2941 ea
1918 2882 2058 2965 ipsa
2101 2886 2217 2949 de-

118 2960 486 3026 nuntiando
534 2962 769 3037 factus,
831 2984 913 3025 ne
962 2984 1076 3038 ue,
1140 2974 1209 3027 ut
1252 2961 1334 3030 de
1392 2962 1568 3045 agris
1628 2960 1994 3027 dividendis
2037 2966 2218 3046 plebi

114 3046 456 3111 referrent
514 3044 813 3109 consules
846 3048 907 3108 'a
1008 3058 1330 3117 senatum,
1391 3043 1777 3126 pervincere
1816 3043 2068 3124 potuit:
2127 3063 2214 3122 et,

116 3146 316 3207 quum
368 3144 601 3207 magno
677 3125 1031 3191 certamine
1100 3123 1524 3198 obtinuisset,
1595 3138 1668 3185 ut
1717 3124 2218 3191 consulerentur

116 3210 375 3279 Patres,
415 3206 751 3269 consulum
790 3226 869 3265 an
910 3205 1317 3279 tribunorum
1357 3206 1650 3287 placeret
1681 3202 1935 3267 comitia
1967 3204 2218 3281 haberi,

118 3287 424 3350 eonsules
466 3286 678 3349 creari
732 3283 897 3365 iussi
939 3298 1107 3353 sunt.
1166 3284 1580 3381 ludibrioque
1623 3298 1808 3348 erant
1847 3284 2056 3351 minae
2101 3291 2216 3353 tri-

116 3366 297 3441 huni,
342 3364 781 3429 denuntiantis
808 3386 883 3431 se
914 3364 1229 3429 delectum
1260 3365 1737 3447 inpediturum3
1781 3385 1998 3448 quum,
2031 3370 2216 3452 qnie-

116 3448 196 3511 tis
238 3446 559 3520 finitimis,
602 3464 817 3530 neque
858 3446 1057 3523 bello,
1100 3468 1185 3508 ne
1353 3447 1515 3510 belli
1556 3446 1862 3528 adparatu
1903 3468 2068 3530 opus
2109 3471 2220 3517 es-

114 3543 233 3590 set.
322 3528 633 3611 Sequitur
696 3528 861 3591 hanc
918 3528 1251 3613 tranquili
1321 3542 1448 3591 tem
1505 3547 1725 3589 rerum
1767 3547 2002 3603 annua,
2048 3533 2215 3593 Pro.

116 3610 259 3673 culo
304 3608 602 3691 Geganio
642 3608 997 3681 Macerino,
1038 3611 1115 3671 L.
1146 3608 1460 3673 Menenio
1500 3612 1748 3672 Lanato
1852 3620 1924 3679 U.
1961 3642 2010 3680 c.
2047 3625 2174 3681 διε.

114 3689 533 3763 consulibus,
588 3688 936 3772 multiplici
976 3688 1157 3751 clade
1196 3708 1272 3751 ac
1309 3689 1606 3771 periculo
1647 3692 1748 3753 in·-
1853 3709 1907 3748 a.
1944 3690 2010 3749 C.
2049 3694 2169 3760 ⁴37.

113 3771 361 3854 signis,
422 3769 890 3847 seditionibus,
936 3768 1102 3835 fame
1122 3814 1139 3847 ‚
1182 3788 1388 3855 regno
1427 3790 1639 3855 prope
1681 3792 1805 3855 per
1843 3771 2210 3855 largitionis

178 3944 237 4008 ’)
272 3942 469 3997 colonis
503 3938 676 4026 Groui
1925 3980 1938 3993 .
1995 4004 2054 4033 Γ
