2534 4309
533 157 1487 254 L12‚1nx.‚c2p.
1598 154 1785 226 2.5.
2066 152 2209 233 445

108 347 232 410 cul
293 331 627 428 proximos
681 341 1074 426 campestres
1127 346 1350 423 cerni3
1412 337 1717 405 ulteriora
1760 345 2001 422 colles3
2062 343 2217 407 inde

107 447 270 488 esse
334 427 567 489 ostium
625 424 910 487 fluminis
953 425 1259 506 praealti,
1331 446 1459 506 quo
1501 425 1850 506 circumagi
1906 443 2101 486 nares
2142 428 2217 486 in

107 503 466 568 stationem
489 519 685 568 tutam
709 506 992 568 vidisse:
1041 505 1415 582 (Meduacus
1458 505 1659 566 amnis
1682 505 1845 578 erat)
1873 525 1954 569 eo
1996 506 2215 569 invec-

109 601 250 648 tam
294 588 567 650 classem
607 587 844 647 subire·
871 584 1140 646 flumine
1181 586 1451 648 adverso
1494 584 1699 664 jussit.
1787 583 2215 649 Gravissimas

109 667 386 730 navium
439 689 568 728 non
621 666 888 746 pertulit
930 667 1148 727 alveus
1191 664 1493 726 fluminis.
1555 665 1619 723 in
1663 665 1908 726 leviora
1961 659 2221 747 navigia

111 761 530 830 transgressa
589 745 926 806 multitudo
989 757 1367 806 armatorum
1438 741 1515 804 ad
1571 744 1947 826 frequentes
2006 759 2217 826 agros,

111 827 338 888 tribus
379 826 714 888 maritimis
755 825 1201 888 Patavinorum
1242 825 1403 898 vicis
1447 823 1802 886 colentibus
1834 845 1971 885 eam
2014 843 2218 900 oram,-

77 900 454 989 'pervenit0
519 906 615 967 lbi
658 905 930 986 egressi,
975 906 1104 966 levi
1129 902 1471 986 'praesidio
1514 903 1780 966 navibus
1823 903 2072 976 relicto,
2117 905 2219 968 vi.

117 1009 244 1050 cos
287 998 682 1068 expugnant,
729 983 1117 1046 inflammant
1158 999 1358 1058 tecta,
1413 983 1737 1044 hominurn
1778 983 2219 1077 pecudumque

117 1065 406 1150 praedas
448 1079 674 1148 agunt,
733 1080 802 1126 et
841 1063 1181 1126 dulcedine
1235 1063 1588 1148 praedandi
1631 1066 1887 1145 longius
1938 1083 2139 1146 usque
2180 1085 2219 1126 a

107 1147 394 1208 navibus
451 1145 830 1226 procedunt.
910 1147 1089 1206 Haec
1145 1144 1259 1206 ubi
1322 1145 1651 1209 Patavium
1708 1157 1856 1205 sunt
1912 1144 2217 1218 nuntiata,

112 1227 417 1306 (semper
475 1240 683 1316 autem
727 1245 838 1286 eos
884 1225 951 1285 in
993 1225 1186 1289 armis
1231 1224 1492 1286 adcolae
1536 1223 1708 1286 Galli
1760 1221 2107 1298 habebant)
2148 1223 2222 1283 in
2321 1233 2331 1242 '
2426 1223 2432 1230 ’

115 1307 286 1368 duas
322 1319 540 1388 partes
599 1319 966 1366 uven'tutem
993 1305 1308 1368 dividunt.
1354 1305 1554 1366 altera
1591 1303 1659 1363 in
1705 1303 2057 1386 regionem,
2098 1323 2225 1386 qua

114 1385 335 1449 effusa
395 1407 572 1466 popu
599 1385 724 1447 atio
767 1385 1208 1462 nuntiabatur3
1265 1385 1494 1457 altera,
1557 1404 1640 1445 ne
1682 1385 1785 1446 cui
1829 1379 2225 1463 praedonum

116 1466 322 1529 obvia
361 1463 588 1538 fieret,
652 1465 854 1526 altero
899 1465 1136 1526 itinere
1194 1464 1275 1524 ad
1314 1465 1652 1525 stationem
1696 1461 1951 1526 navium
1993 1454 2227 1537 (millia-

115 1561 336 1608 autem
377 1543 858 1627 quatuordecim
899 1547 964 1624 *)
1007 1545 1085 1604 ab
1129 1544 1375 1624 oppido
1418 1544 1665 1620 aberat)
1711 1545 1914 1604 ducta.
1996 1543 2068 1602 In
2108 1563 2223 1606 na..

121 1647 244 1688 ves
287 1644 551 1708 parvas,
595 1624 965 1687 custodibus
1006 1623 1404 1700 imm-emtis,
1449 1625 1705 1704 inpetus
1749 1623 1986 1702 factus3
2030 1621 2225 1685 terri-

123 1707 316 1789 tique
374 1718 604 1767 nautae
669 1718 984 1788 coguntur
1041 1725 1234 1767 naves
1309 1705 1377 1764 in
1445 1705 1709 1765 alteram
1758 1703 1969 1783 ripam
2022 1703 2226 1764 amnis

113 1785 531 1863 transjicerc.
575 1797 640 1844 et
678 1785 744 1844 in
788 1783 960 1846 terra
1001 1805 1387 1865 prosperum
1424 1785 1626 1865 aequ'e
1650 1783 1722 1842 in
1761 1783 2006 1863 palatos
2031 1803 2225 1867 prae-

123 1865 390 1928 datores
476 1865 748 1924 roelium
801 1865 1056 1940 suerat3
1117 1863 1718 1948 refugientibusque
1762 1864 1843 1924 ad
1884 1863 2227 1927 stationem

124 1946 402 2007 Graecis
507 1945 682 2004 eneti
722 1943 1061 2006 obsistunt.
1119 1947 1210 2004 Ita
1251 1944 1319 2002 in
1360 1944 1574 2004 medio
1618 1943 2035 2006 circumventi
2074 1943 2227 2005 hos-

123 2040 225 2086 tes
272 2023 612 2106 caesique3
655 2041 806 2118 pars
848 2025 1018 2103 capti
1044 2023 1317 2085 classem
1349 2022 1633 2084 indicant
1654 2040 2001 2116 regemque
2034 2024 2227 2087 Cleo*

127 2126 390 2185 nymum
433 2103 556 2164 tria
605 2103 804 2163 millia
847 2103 1096 2164 abesse.
1179 2101 1358 2174 Inde,
1424 2103 1693 2182 captivis
1738 2123 2035 2182 proximo
2076 2103 2229 2167 vico

126 2187 202 2245 in
243 2183 598 2246 custodiam
641 2183 838 2254 datis,
883 2201 1032 2262 pars
1075 2178 1419 2242 fluviatiles
1459 2195 1651 2240 naves
1675 2223 1691 2254 ,
1748 2181 1831 2241 ad
1870 2183 2233 2262 superanda

123 2264 290 2328 vada
335 2277 702 2344 stagnorum
743 2271 890 2342 apte
936 2261 1146 2342 planis
1189 2261 1389 2322 alveis
1430 2260 1789 2332 fabricatae,
1882 2281 1983 2322 ars
2026 2263 2229 2344 capti-

125 2367 208 2408 va
251 2339 506 2423 navigia
551 2342 803 2402 armatis
832 2342 1176 2421 complent.
1217 2340 1626 2422 profectique
1671 2336 1751 2400 ad
1792 2343 2080 2415 cassem,
2126 2343 2229 2402 in..

127 2423 410 2486 mobiles
455 2441 650 2484 naves
695 2435 756 2482 et
798 2423 938 2482 loca
981 2423 1202 2502 ignota
1241 2422 1410 2500 plus,
1455 2439 1643 2500 quam
1682 2418 1953 2493 hostem,
1998 2420 2246 2482 timen:

123 2519 230 2566 tes
275 2500 790 2564 circumvadunt:
834 2501 1283 2584 fugientesque
1326 2500 1395 2560 in
1435 2501 1625 2560 altum
1646 2498 1875 2572 acrius,
1918 2519 2103 2581 quam
2120 2513 2263 2564 τοί-ι·

179 2595 512 2664 ugnantes,
555 2601 760 2675 usque
800 2581 880 2640 ad
923 2581 1151 2641 ostium
1197 2580 1403 2641 amnis·
1442 2579 1792 2662 persecuti,
1838 2580 2038 2672 captis
2082 2581 2228 2664 qui..

125 2605 398 2726 busdam
440 2661 848 2740 incensisque
889 2661 1156 2723 navibus
1197 2659 1510 2733 hostium,
1570 2681 1724 2743 quas
1768 2660 2111 2739 trepidatio
2156 2662 2229 2724 in

129 2741 292 2803 vada
369 2741 670 2802 intulerat
686 2771 714 2812 ,1
781 2740 1058 2802 victores
1119 2754 1549 2802 revertuntur.
1644 2740 2043 2819 Cleonymus,
2117 2741 2228 2805 vix·

179 2822 358 2884 uinta
401 2833 583 2901 parte
627 2821 882 2882 navium
926 2819 1273 2892 incolumi,
1333 2822 1503 2881 nulla
1546 2821 1819 2901 regione
1859 2821 2050 2883 maris
2092 2821 2225 2882 Ha-

183 2899 398 2964 riatici
439 2919 758 2980 prospere
800 2899 988 2973 adita,
1035 2899 1357 2962 discessit.
1418 2905 1655 2962 Rostra
1694 2899 1948 2961 navium
1988 2900 2227 2981 spolia-

134 3003 265 3064 que
307 2981 652 3050 Laconum,
697 2979 766 3039 in
807 2979 965 3041 aede
999 2980 1271 3041 Junonis
1312 2980 1521 3043 veteri
1560 2979 1722 3051 fixa,
1766 2980 1947 3040 multi
1993 3001 2223 3062 super-

135 3074 324 3135 sunt,
389 3058 500 3140 qui
540 3058 844 3122 viderunt
882 3060 1152 3122 Patavii}
1231 3073 1707 3121 monumentum
1760 3061 2003 3121 navalis
2063 3083 2227 3145 pug-

137 3162 258 3204 nae
297 3159 382 3202 eo
423 3139 563 3210 die,
609 3161 738 3222 quo
776 3140 1122 3222 pugnatum
1163 3153 1297 3205 est,
1362 3139 1701 3222 quotannis
1743 3141 2041 3202 sollemni
2082 3163 2227 3206 cer-

135 3221 372 3285 tamine
415 3219 664 3288 navium
705 3220 775 3280 in
819 3218 1080 3283 flumine
1123 3218 1349 3302 oppidi
1390 3218 1605 3281 medio
1634 3235 2009 3284 exercetur.

295 3302 405 3362 111.
486 3300 736 3367 Eodem
795 3319 960 3380 anno
1002 3301 1244 3361 Romae
1288 3320 1429 3361 cum
1468 3300 1797 3372 Vestinis,
1860 3303 2234 3382 petentibus

138 3381 536 3453 amicitiam,
580 3380 777 3440 ictum
820 3393 920 3442 est
957 3379 1205 3442 foedus.
1291 3380 1631 3460 Multiplex
1695 3379 1929 3440 deinde
1970 3397 2229 3448 exortus

138 3477 372 3525 terror.
436 3460 754 3521 Etruriam
801 3459 1142 3533 rebellare,
1188 3460 1265 3521 ab
1310 3460 1761 3521 Arretinorum
1802 3460 2233 3530 seditionibus

139 3555 320 3605 motu
361 3553 541 3613 orto,
585 3539 1037 3602 nuntiabatur:
1097 3540 1210 3600 ubi
1258 3539 1533 3601 Cilnium
1576 3556 2229 3632 genus-praepotens,
2306 3592 2314 3600 .

141 3622 526 3685 divitiarum·
559 3619 830 3693 invidia,
893 3619 1052 3700 pelli
1107 3619 1299 3680 armis
1361 3632 1694 3699 coeptum3
1756 3622 1941 3680 simul
1983 3627 2235 3686 Marsos
2324 3677 2331 3684 .

141 3723 366 3786 agrum
412 3699 482 3762 vi
526 3699 728 3772 tueri,
789 3699 856 3759 in
901 3719 1092 3782 quein
1131 3699 1384 3762 colonia
1429 3700 1723 3761 Carseoli
1764 3698 2030 3762 deducta
2070 3717 2228 3774 erat,

143 3796 416 3868 quatuor
469 3777 754 3842 millibus
805 3779 1134 3844 hominum
1171 3778 1457 3862 scriptis.
1544 3782 1763 3862 ltaque
1804 3780 2074 3861 propter
2113 3801 2231 3846 eos

205 3953 260 4020 ¹*)
293 3951 583 4028 quindecim
618 3945 792 4008 Gron.
808 4011 814 4016 .
831 3944 984 4005 Crev.
