2534 4309
364 189 502 237 κιο
647 170 706 239 L
753 190 776 237 1
825 188 864 238 n
903 189 958 240 ε.
1003 189 1052 238 a
1149 170 1267 239 lV.
1360 170 1627 277 C-vr.
1726 168 1847 246 46.
1902 176 2017 258 47.
2072 166 2193 246 48.

359 360 646 441 pro'pere
685 357 872 419 missi
911 358 1350 433 nuntiavere,'
1408 357 1673 442 Tusculi
1700 354 1913 421 »duces
1968 358 2446 443 exercitumque

363 452 511 499 esse
533 480 550 508 ,
610 436 865 499 hostem
907 453 1112 501 castra
1171 439 1317 501 loco
1358 459 1491 501 non
1527 438 1840 503 movisse.
1928 451 2032 512 et,
2096 440 2273 521 quod
2360 442 2450 500 lu-

359 518 592 579 rimum
631 518 986 580 animorum
1028 518 1204 591 fecit,
1245 518 1523 581 dictator
1564 538 1644 580 ex
1684 532 1943 581 senatus
1982 520 2279 581 consulto
2313 460 2453 581 ¹dic·-

359 612 462 660 tus
507 597 586 691 Q.
633 598 950 662 Servilius
992 598 1298 677 Priscus;
1340 600 1466 673 vir,
1510 596 1689 677 cujus
1776 597 2206 663 rovidentiam
2244 598 2318 659 in
2356 620 2451 660 re-

359 677 621 759 publica
663 698 854 760 qnum
893 679 1111 741 multis
1153 678 1303 741 aliis
1344 692 1472 739 tem
1523 677 1712 739 estati
1761 698 1834 740 us
1878 692 2025 741 ante
2068 692 2338 759 experta
2365 680 2450 741 ci-

361 756 528 824 vitas
571 772 742 833 erat,
827 773 962 821 tum
1017 771 1252 823 eventu
1306 756 1444 837 eius
1532 758 1681 832 elli',
1812 757 1941 821 uod
1978 758 2090 821 uni
2131 772 2453 821 certamen

360 838 765 907 tribunorum
789 850 796 860 '
817 852 1190 922 suspectum
1243 852 1391 901 ante
1468 858 1610 899 rem
1669 778 1835 899 maile
1890 852 2139 921 gestam
2198 838 2450 915 suerat3

295 950 300 958 2
357 919 670 1002 magistro
717 920 1002 1001 equitum
1045 933 1260 996 creato
1284 962 1301 992 ,
1388 940 1437 997 a,
1482 938 1609 999 quo
1674 918 1699 977 i
1746 936 1821 979 se
1877 918 2139 981 tribuno
2180 918 2451 981 militum

361 996 642 1061 dictator
673 1013 813 1060 erat
855 998 1085 1073 dictus,
1129 996 1267 1062 filio
1310 1018 1448 1071 suo,
1492 1009 1564 1060 ut
1600 1011 1701 1059 tra
1748 997 1931 1061 idere
1958 997 2239 1080 qnidam,
2285 998 2451 1077 (nam

287 1124 290 1127 ⁴
359 1078 476 1139 alii
507 1078 772 1155 Ahalam
787 1078 1132 1145 Serviliam
1171 1080 1547 1161 magistrum
1590 1078 1877 1160 equitum
1916 1098 1999 1141 eo
2038 1099 2205 1141 anno
2248 1080 2450 1141 fuisse

364 1159 683 1237 scribunt)
723 1180 892 1223 novo
937 1158 1228 1223 exercitu
1266 1158 1604 1242 profectus
1644 1156 1727 1219 ad
1763 1157 2024 1231 bellum,
2067 1158 2301 1221 adcitis
2344 1158 2449 1242 qui

361 1240 630 1302 Tusculi
669 1254 882 1317 erant,
913 1240 1042 1303 duo
1079 1239 1283 1301 millia
1309 1258 1613 1322 passuum
1652 1237 1731 1299 ab
1763 1238 1951 1301 hoste
1980 1238 2193 1301 locum
2224 1242 2451 1303 castris

357 1338 432 1381 se
478 1320 551 1383 it.
1290 1354 1293 1357 ⁴
1989 1328 2007 1339 “
2307 1355 2315 1364 -

433 1341 478 1402 P
518 1400 773 1465 XLVII.
861 1400 1236 1463 Transierat
1276 1418 1357 1461 ex
1396 1420 1472 1463 re
1510 1396 1683 1463 bene
1722 1410 1902 1483 gesta
1942 1399 2251 1480 superbia
2290 1420 2449 1484 neg·

357 1480 753 1564 ligentiaque
795 1479 876 1541 ad
915 1484 1174 1563 Aequos
1197 1523 1216 1555 ‚
1278 1500 1442 1564 quae
1497 1480 1567 1541 in
1606 1478 1915 1543 Romanis
1970 1478 2241 1542 ducibus
2301 1482 2443 1543 fue-

355 1575 478 1622 rat.
560 1561 774 1642 itaque
810 1560 1021 1641 primo
1060 1562 1273 1623 statim
1313 1560 1567 1656 pnoelio
1611 1580 1807 1643 quum
1846 1559 2119 1621 dictator
2160 1562 2451 1643 equitatu

355 1639 626 1703 inmisso
688 1639 1141 1723 antesignanos
1181 1640 1465 1703 hostium
1503 1640 1855 1713 turbasset,
1921 1640 2249 1722 legionum
2293 1641 2445 1703 inde

356 1720 542 1803 signa
575 1718 827 1782 inferre
851 1741 972 1802 pro
1023 1740 1134 1783 ere
1163 1720 1374 1801 jussit,
1416 1720 1800 1803 signiferum
1890 1740 1927 1780 e
1971 1739 2055 1799 en
2080 1720 2217 1782 suis
2250 1742 2445 1783 unum

359 1795 761 1863 cunctantem
803 1800 946 1863 occi
995 1802 1065 1863 it.
1152 1805 1395 1863 Tantus
1447 1799 1641 1863 ardor
1682 1801 1763 1861 ad
1872 1799 2254 1869 imicahdmn
2296 1802 2441 1874 fuit,

357 1893 430 1941 ut
467 1880 758 1963 inpetum
789 1880 1000 1963 Aequi
1041 1880 1172 1945 ndu
1201 1881 1507 1943 tulerint:
1550 1882 1836 1963 victique
1878 1879 2018 1942 acie
2060 1900 2255 1965 quum
2294 1882 2443 1965 fuga
2519 1902 2520 1913 ¹

357 1957 563 2025 effusa
623 1961 944 2043 petissent
993 1976 1230 2038 castra,
1293 1961 1561 2025 brevior
1618 1974 1913 2042 tempore
1974 1972 2041 2035 et
2091 1963 2445 2025 certamine
2519 2028 2520 2037 χ

359 2041 572 2103 minor
613 2056 966 2104 castrorum
1005 2041 1399 2125 obpugnatio
1440 2042 1587 2116 fuit,
1632 2060 1817 2125 quam
1848 2040 2169 2121 proelium
2208 2040 2441 2103 fuerat.
2519 2078 2520 2101 3

359 2122 580 2203 Captis
611 2120 1018 2205 direptisque
1059 2123 1311 2197 castris,
1354 2142 1549 2203 quum
1590 2120 1894 2203 praedam
1935 2120 2211 2183 dictator
2248 2122 2441 2183 militi
2519 2168 2520 2173 η

353 2200 820 2275 concessisset,
919 2202 1252 2284 secutique
1324 2202 1683 2285 fugientem
1760 2220 1841 2261 ex
1902 2200 2127 2262 castris
2182 2201 2437 2267 bostem

357 2282 608 2363 equites
647 2283 1144 2357 renuntiassent,
1185 2302 1411 2346 omnes
1451 2282 1805 2349 Lavicanos
1844 2280 2083 2356 victos,
2148 2303 2441 2365 magnam
2519 2324 2520 2355 ᾗ

352 2370 606 2445 Ρείηοπι
643 2362 1020 2444 Aequorum
1057 2364 1329 2426 Imvicos
1390 2362 1759 2456 confugisse
1780 2382 1800 2439 3
1858 2374 2125 2442 postero
2187 2362 2297 2425 die
2360 2362 2439 2423 ad
2519 2400 2520 2415 η

352 2444 624 2505 Lavicos
666 2442 892 2504 >ductus
935 2444 1298 2505 exercitusz
1362 2443 1799 2524 oppidumque
1820 2484 1837 2512 ‚
1882 2460 2119 2503 corona
2160 2442 2437 2505 circum-
2519 2498 2520 2525 ἶ

355 2522 590 2598 datum,
634 2523 825 2584 scalis
849 2538 1102 2605 captum
1141 2543 1218 2585 ac
1258 2522 1585 2604 direptum
1624 2536 1745 2583 est.
1785 2520 2102 2595 Dictator,
2144 2524 2437 2585 exercitu

351 2603 602 2669 victore
643 2604 911 2665 Romam
949 2603 1238 2677 reducto,
1285 2602 1393 2665 die
1435 2617 1661 2665 octavo
1682 2648 1699 2677 ,
1746 2621 1933 2684 quam
1973 2614 2225 2664 creatus
2268 2616 2430 2675 erat,

355 2683 730 2766 magistratu
784 2702 856 2743 se
915 2682 1277 2762 abdicavit3
1342 2698 1407 2744 et
1457 2695 1823 2765 opportune
1862 2688 2118 2743 senatus
2138 2724 2157 2754 ‚
2221 2683 2439 2763 prius-

357 2782 554 2844 quam
587 2763 668 2825 ab
709 2762 989 2825 tribunis
1028 2764 1206 2844 plebi
1229 2762 1297 2841 ¹¹¹³)
1329 2763 1628 2858 'agrariae
1668 2760 2024 2824 seditiones
2046 2805 2067 2835 ,
2106 2762 2442 2825 mentione

353 2844 550 2905 inlata
593 2843 674 2905 de
715 2864 870 2925 agro
913 2845 1234 2908 Lavicano
1280 2842 1631 2908 dividendo
1654 2885 1670 2918 ,
1715 2840 1969 2913 fierent,
2010 2842 2265 2915 censuit
2302 2843 2443 2903 fre-

353 2941 556 3005 quens
575 2965 594 2996 ,
653 2923 974 2987 coloniam
1013 2925 1287 2988 Lavicos
1329 2923 1784 2988 deducendam.
1868 2921 2082 2985 coloni
2136 2920 2217 2983 ab
2272 2922 2441 2983 urbe

351 3004 530 3065 mille
591 3008 660 3064 et
697 3004 1034 3087 quingenti
1089 3004 1273 3067 missi
1314 3005 1466 3067 bina
1506 3003 1727 3086 jugera
1779 3014 2186 3084 acceperunt.
2268 3005 2441 3084 Cap-

349 3084 433 3147 tis
473 3084 763 3158 Lavicis,
808 3106 884 3147 ac
925 3084 1484 3146 deindbtribunis
1534 3083 1808 3147 militum
1846 3082 2170 3145 consulari
2210 3096 2439 3164 potes-
2519 3152 2520 3155 Ἴ

389 3176 458 3229 U.
497 3194 546 3229 c.
581 3180 704 3234 338.
859 3179 1020 3240 tate,
1063 3164 1355 3248 Agrippa
1387 3165 1695 3227 Menenio
1732 3164 1999 3237 Lanato,
2044 3175 2112 3223 et
2148 3164 2225 3223 L.
2274 3163 2436 3224 Ser-

389 3264 441 3303 a.
479 3244 545 3303 C.
588 3256 708 3307 10¹4.
861 3245 1017 3309 vilio
1081 3246 1371 3319 Structo,
1438 3257 1503 3305 et
1540 3247 1617 3305 P.
1658 3242 1967 3305 Lucretio
2019 3241 2439 3323 Tricipitino,

349 3324 582 3387 iterum
627 3325 924 3389 omnibus
963 3326 1088 3401 his,
1134 3339 1200 3387 et
1239 3325 1353 3406 Sp.
1395 3323 1644 3385 Rutilio
1684 3326 1939 3395 Crasso,
1984 3335 2049 3385 et
2086 3322 2445 3404 insequen-
2519 3346 2520 3401 f

389 3418 462 3477 U.
500 3437 547 3477 ο.
588 3419 650 3475 ³3
689 3459 707 3478 .
857 3422 924 3468 te
941 3408 1042 3485 ff)
1083 3426 1250 3467 anno
1290 3408 1369 3467 Α.
1390 3403 1777 3486 Sempronio
1816 3401 2112 3465 Atratino
2150 3403 2441 3477 tertium,
2519 3434 2520 3473 ς

387 3504 438 3545 ιι.
479 3488 548 3545 C.·
583 3496 638 3550 41
683 3528 702 3545 .
858 3500 924 3547 et
955 3486 1215 3561 ,duobus
1257 3482 1493 3547 iterum
1530 3488 1619 3547 M.
1652 3485 1743 3545 Pa
1793 3483 1917 3545 irio
1950 3481 2325 3565 Mugillano,
2374 3496 2445 3544 et
2519 3536 2520 3539 ,

350 3571 463 3647 Sp.
506 3568 744 3630 Nautio
787 3568 1008 3629 Rutilo
1029 3610 1047 3640 ,
1115 3565 1447 3627 biennium
1502 3570 1645 3627 tran
1692 3564 1761 3628 ui
1786 3562 1886 3629 lae
1940 3575 2249 3647 externae
2306 3582 2444 3635 res,

349 3648 670 3711 discordia
717 3646 888 3709 domi
932 3666 1012 3707 ex
1052 3646 1324 3729 agrariis
1365 3644 1617 3725 legibus
1678 3646 1803 3707 uit.

509 3729 796 3790 xLVm.
833 3718 850 3735 ’
893 3725 1289 3788 Turbatores
1342 3725 1519 3819 vulgi
1581 3738 1765 3787 erant
1818 3720 2039 3807 Spurii
2096 3720 2451 3783 Maecilius

345 3823 636 3895 quartum
677 3821 744 3869 et
775 3806 1068 3871 Metilius
1109 3805 1372 3869 tertium
1410 3804 1656 3866 tribuni
1694 3804 1930 3898 plebis,
1972 3800 2163 3867 ambo
2204 3800 2449 3866 absen-

413 3979 476 4045 ο)
507 3976 672 4047 plebi!
701 3976 860 4034 cm,
929 3972 1027 4043 θ’)
1061 3978 1349 4047 insequenti
1378 3971 1548 4028 Gron.
1584 3972 1744 4033 Crcv.
