2534 4309
311 144 401 211 40
692 132 1126 205 121an.
1211 114 1283 201 Ἰ.
1382 134 1639 203 Gir.
1744 128 2035 209 Humi.

304 319 700 404 pauperibus
755 318 1335 385 inclinata‘onera.
1416 314 1674 381 Deinde
1716 332 1817 384 est
1852 318 2061 383 honos
2115 318 2396 385 additus.

230 471 234 476 .
303 422 436 463 non
477 399 650 463 enim
691 398 794 477 (ut
831 399 910 460 ab
953 398 1572 463 Romulo.traditum
1616 400 1821 465 ceteri
1844 414 2258 463 servaverant
2288 423 2404 464 re·

307 479 452 564 ges)
496 479 740 544 viritim
801 477 1174 563 suffragium
1237 478 1459 553 eadem
1516 478 1585 543 vi
1637 480 1994 564 eodemque
2043 479 2189 561 jure
2242 502 2401 564 pro·

304 558 886 640 misene-omnibus
929 559 1142 623 datum
1185 572 1313 621 est:
1384 558 1501 621 sed
1556 560 1790 643 gradus
1844 560 2023 635 sacti,
2078 575 2147 623 ut
2187 582 2403 646 neque

305 642 598 703 exclusus
647 640 977 724 quisquam
1017 640 1329 723 suffragio
1368 638 1734 717 videretur,
1781 654 1846 701 et
1884 642 1984 704 vis
2028 642 2238 705 omnis
2280 664 2401 724 pe-

304 742 423 783 nes
465 720 792 815 primores
830 720 1109 783 civitatis
1167 720 1373 783 essen
1457 721 1729 803 Equites
1784 722 1955 782 enim
2008 720 2407 785 vocabantur

299 801 532 884 primi,
597 798 922 883 octoginta
981 800 1132 863 inde
1230 800 1428 861 rimae
1486 799 1713 864 classis
1777 800 2144 863 centuriae:
2206 802 2300 864 ibi
2342 803 2409 865 si

299 878 820 964 variaret‚·quod
860 903 1008 943 raro
1053 879 1182 943 inei
1232 880 1401 953 ebat,
1446 894 1515 941 ut
1556 880 1878 943 secundae
1935 882 2157 951 elassis
2207 904 2405 946 voca-

302 976 566 1023 rentur:
608 982 729 1023 nee
772 960 914 1023 fere
956 982 1250 1045 umquam
1292 960 1463 1021 insra
1508 960 1593 1022 ita
1636 958 2141 1037 descenderent,
2200 977 2271 1025 ut
2321 962 2409 1025 ad

296 1038 555 1105 infimos
594 1042 1038 1123 pervenirent.
1121 1045 1258 1103 Nec
1298 1040 1520 1101 mirari
1560 1054 1839 1123 oportet,
1884 1040 2053 1103 hune
2080 1040 2403 1118 ordinem,

349 1122 414 1183 ui
456 1142 632 1183 nune
673 1134 793 1194 est,
836 1135 988 1202 post
1029 1123 1317 1205 expletas
1362 1120 1643 1205 quinque
1700 1134 1765 1183 et
1819 1120 2133 1204 tringinta
2186 1123 2401 1187 tribu‘s

299 1144 880 1285 duplicatqearum
903 1222 1198 1276 numero,
1239 1200 1549 1265 centuriis
1576 1200 1901 1281 juniorum
1922 1204 2401 1297 seniorumque,

245 1344 250 1349 .
299 1282 383 1347 ad
445 1281 798 1343 institutam
868 1280 949 1343 ab
1003 1282 1146 1342 Ser.
1191 1280 1411 1341 Tullio
1465 1302 1771 1363 summam
1829 1304 1960 1343 non
2021 1303 2399 1345 convenire.

301 1360 758 1449 quadrifariam
814 1362 990 1423 enim
1043 1361 1202 1422 urbe
1262 1360 1467 1423 divisa
1532 1359 1913 1443 regionibus
1968 1363 2400 1447 collibusque,

215 1458 225 1462 ·
301 1462 462 1529 quae
503 1439 954 1504 habitabantur
995 1455 1254 1522 partes,
1318 1440 1522 1502 tribus
1564 1462 1675 1507 eas
1719 1440 2107 1523 adpellavit3
2148 1456 2219 1503 ut
2272 1462 2401 1524 ego

227 1553 236 1567 =
298 1523 600 1596 arbitror,
645 1520 724 1582 ab
767 1520 1043 1583 tributo:
1088 1542 1233 1588 nam
1269 1518 1407 1599 ejus
1439 1542 1695 1604 quoque
1724 1522 2080 1605 aequaliter
2104 1544 2185 1585 ex
2199 1542 2407 1585 censu

301 1600 685 1673 conferendi
727 1598 807 1663 ab
851 1600 1080 1662 eodem
1123 1596 1280 1663 inita
1322 1600 1489 1664 ratio
1528 1615 1648 1666 est.
1734 1604 1965 1685 Neque
2006 1602 2129 1664 hae
2162 1602 2399 1677 tribus,

195 1718 204 1728 ·
299 1680 382 1746 ad
442 1680 884 1775 eenturiarum
936 1679 1460 1745 distributionem
1522 1702 1983 1767 numerumque
2055 1682 2405 1767 quidquam

348 1776 701 1830 ertmuere.
1464 1804 1471 1810 -

297 1784 342 1849 P
459 1840 684 1905 XLIV.
771 1842 989 1903 Censu
1030 1840 1347 1923 perfecto,
1392 1860 1581 1923 quem
1622 1853 2051 1904 maturaverat
2087 1856 2261 1903 metu
2301 1841 2399 1905 le-

301 1921 402 2005 gis
445 1919 526 1983 de
568 1921 852 1984 incensis
918 1921 1082 1983 latae
1136 1942 1279 1983 eum
1329 1920 1667 1992 vinculoru
1782 1922 1977 1982 minis
2018 1921 2399 2017 mortisque,

167 2056 172 2063 .
233 2064 252 2077 ,
298 2000 542 2078 edixit,
603 2014 675 2063 ut
717 2020 938 2063 omnes
981 2001 1157 2063 cives
1200 2000 1679 2085 Roma11i3³eqn
1736 2020 1807 2065 es
1846 2000 2263 2096 peditesque,
2329 2024 2401 2063 in

277 2082 439 2147 'suis
481 2083 752 2167 quisque
794 2080 1129 2155 centuriis,
1173 2080 1242 2141 in
1287 2100 1512 2161 eampo
1532 2082 1769 2143 Martio
1810 2102 2021 2163 pruna
2048 2082 2195 2143 luce
2213 2081 2401 2144 ades·

299 2175 468 2226 sent.
553 2162 651 2225 Ibi
717 2161 1098 2223 instructum
1153 2161 1503 2223 exercitum
1559 2182 1814 2223 omnem
1858 2162 2405 2225 suovetaurilibus

297 2243 614 2306 lustravit.
661 2240 871 2337 ,idque
927 2239 1255 2302 eonditum
1317 2242 1590 2305 lustrum
1652 2238 2073 2323 adpellatum,
2138 2242 2289 2325 quia
2342 2244 2405 2303 is

301 2323 632 2387 censendo
675 2317 824 2392 finis
868 2319 1072 2383 faetus
1116 2335 1236 2384 est,
1316 2322 1525 2381 Millia
1566 2321 1895 2405 octoginta
1937 2343 2016 2385 eo
2061 2324 2265 2383 lustro
2307 2323 2403 2383 ci-

153 2456 162 2465 .
227 2403 474 2469 ,avium
517 2424 713 2465 censa
755 2402 1086 2466 dicuntur.
1169 2405 1228 2463 A
1272 2400 1416 2479 Jicit
1471 2400 1857 2482 scriptorum
1896 2402 2405 2486 ,antiquissimus

301 2482 545 2555 Fabius
586 2482 831 2559 Pictor,
877 2502 1122 2552 eorum,
1170 2482 1282 2565 qui
1322 2480 1501 2543 ferre
1544 2502 1715 2541 anna
1756 2496 2049 2564 possent,
2094 2502 2239 2543 eum
2280 2505 2405 2543 nu-

245 2620 254 2627 .
297 2562 818 2627 merumfuisse.
859 2560 1002 2625 .Ad
1039 2582 1177 2623 eam
1260 2558 1729 2622 multitudinem
1772 2562 1927 2625 urbs
1972 2584 2095 2655 quo
2145 2582 2225 2624 ue
2266 2586 2405 2623 am-

301 2640 650 2727 plificanda
690 2644 829 2707 visa
873 2654 997 2704 est.
1077 2638 1281 2714 Addit
1339 2639 1495 2703 duos
1538 2642 1767 2715 colles,
1830 2640 2106 2730 Quirina
2134 2662 2237 2703 em
2280 2644 2405 2707 Vi-

296 2724 600 2789 :niualem
692 2744 753 2788 e.
801 2722 954 2783 inde
999 2720 1234 2783 deince
1288 2742 1317 2781 s
1358 2721 1921 2805 augetEsquilias:
1966 2723 2187 2819 ibique
2228 2722 2405 2805 -ip‘se,

295 2819 371 2883 ut
409 2806 556 2867 loeo
643 2828 664 2865 ι
711 2803 876 2865 nitas
919 2800 1126 2877 fieret,
1169 2800 1249 2863 ha
1298 2801 1435 2865 itat.
1524 2802 1785 2884 Aggere
1830 2803 2131 2865 et··'.>ssis
2174 2818 2241 2865 et
2264 2826 2407 2865 mu·

295 2908 376 2949 ro
417 2886 663 2949 circum
709 2898 772 2947 at
812 2883 1074 2959 urbem;
1155 2880 1242 2945 ita
1298 2882 1701 2963 pomoerium
1756 2882 2033 2964 profert.
2118 2886 2405 2947 Pomoe-

294 2967 487 3042 rium,
532 2966 719 3030 rex-bi
761 2964 888 3027 vim
930 2963 1130 3028 solam
1172 2962 1526 3035 intuentes,
1570 2964 2032 3044 postmoerium
2075 2964 2409 3046 interpre-

293 3061 510 3110 tantur
551 3067 720 3111 esse.
803 3048 926 3107 Est
965 3057 1178 3105 autem
1215 3064 1314 3103 ma
1364 3042 1418 3103 is
1462 3042 1634 3103 circa
1672 3058 1921 3104 murum
1966 3044 2171 3107 locus.
2216 3066 2411 3128 quem

299 3128 370 3189 in
412 3118 768 3189 condendis
809 3122 1078 3187 urbibus
1122 3144 1293 3207 quon
1378 3144 1441 3183 m
1477 3122 1763 3197 Etrusci,
1808 3144 1931 3206 qua
1966 3146 2217 3185 murum
2250 3124 2411 3187 duc-

297 3206 432 3270 turi
475 3220 682 3281 erant,
727 3205 927 3269 certis
969 3205 1143 3266 eirca
1168 3202 1465 3265 terminis
1494 3203 1873 3286 inaugurato
1904 3204 2407 3268 consecrabantt

294 3301 371 3349 ut
409 3307 620 3370 neque
659 3285 977 3349 interiore
1019 3296 1202 3367 parte
1244 3278 1538 3345 aedificia
1576 3283 1916 3346 moenibus
1950 3284 2409 3348 continuaren-
2490 3336 2499 3347 .

297 3381 454 3441 tur,
489 3388 654 3452 quae
697 3387 868 3428 nunc
907 3364 1102 3448 vulgo
1145 3363 1340 3426 etiam
1392 3362 1821 3445 conjungunt3
1882 3376 1949 3423 et
2000 3364 2411 3429 extrinsecus

296 3446 451 3529 puri
501 3446 747 3531 aliquid
805 3444 885 3507 ab
938 3444 1220 3507 humano
1284 3444 1460 3507 cultu
1512 3456 1767 3525 pateret
1822 3442 1968 3505 soli.
2055 3446 2203 3507 Hoc
2256 3468 2411 3528 spa·-

298 3528 496 3603 tium,
553 3527 726 3612 quod
763 3546 976 3609 neque
1017 3523 1334 3599 habitari,
1388 3542 1601 3609 neque
1653 3523 1824 3584 arari
1878 3521 1976 3585 fas
2040 3539 2213 3599 erat,
2270 3548 2408 3587 non
2523 3584 2524 3593 ,

295 3609 502 3692 magis
547 3606 721 3691 quod
777 3619 927 3687 post
965 3626 1216 3668 murum
1261 3620 1467 3678 esset,
1542 3625 1733 3685 quam
1772 3603 1946 3687 quod
1987 3624 2209 3667 murus
2250 3620 2411 3687 post
2473 3630 2481 3638 ·
2523 3608 2524 3617 ’

304 3687 395 3763 id,
438 3686 844 3769 pomoerium
883 3685 1158 3747 Romani
1198 3683 1639 3767 adpellartmt:
1710 3698 1777 3748 et
1834 3682 1901 3745 in
1960 3684 2144 3746 urbis
2188 3684 2410 3749 inere-

291 3780 520 3831 mento
559 3786 854 3845 semper,
933 3772 1252 3851 quantum„
1290 3764 1547 3827 moenia
1590 3784 1973 3845 processura
2014 3779 2221 3840 erant,
2266 3780 2415 3829 tan-

297 3860 433 3909 tum
473 3846 741 3929 termini
777 3844 850 3907 hi
893 3844 1263 3911 consecrati*
1312 3844 1845 3928 proferebantur.

725 4090 919 4151 snt?
963 4112 1040 4145 ἰν
1115 4116 1254 4155 “w-ts
1306 4132 1339 4155 ,ι
1474 4120 1699 4165 ‘us-0¹.
1836 4130 1869 4161 .ι
1912 4078 2019 4159 ·,.⁸·
