2534 4309
268 177 410 260 486
633 179 1230 258 Ltsssnax.
1332 178 1591 276 Car.
1694 175 1815 256 45.
1868 185 1987 256 41..

272 385 516 436 rerunt.
599 365 840 432 Primis
883 365 1090 430 ferme
1131 369 1450 444 tenebris,
1494 389 1690 454 quum
1726 367 1799 430 in
1842 379 2195 452 conspectu
2236 366 2377 442 iam

273 467 498 526 castra,
541 449 668 532 jam
701 447 1112 531 Aquiloniam
1153 448 1553 524 habuissent,
1598 451 1840 512 clamor
1881 469 1996 512 eos
2038 449 2379 532 utrimque

273 553 394 626 par
417 530 712 593 accidens
743 527 1084 591 sustinuit:
1129 527 1367 591 deinde
1411 551 1448 592 e
1476 530 1751 613 regione
1773 543 2158 610 castrorum,
2204 547 2377 612 quae

271 631 536 674 incensa
599 611 678 671 ab
731 608 1038 670 Romanis
1097 624 1314 685 erant,
1377 608 1622 671 flamma
1684 611 1815 672 late
1866 609 2013 672 fusa
2064 609 2377 670 certioris

272 691 474 753 cladis
517 689 762 752 indicio
803 687 1115 770 progredi
1156 688 1409 772 longius
1449 689 1806 772 prohibuit.
1886 695 1989 752 Eo
2032 690 2177 772 ipso
2218 691 2377 751 loco

273 791 482 854 prope
535 785 782 832 temere
841 770 958 831 sub
999 771 1192 830 armis
1245 770 1427 831 strati
1477 771 1717 852 passim
1758 773 2127 854 inquietum
2174 758 2377 831 omne

271 866 526 933 tempus
584 849 794 912 noctis
811 889 832 919 ‚
893 849 1325 930 exspectando
1366 850 1782 932 timendoque
1836 853 2046 914 lucem
2066 894 2084 926 ,
2144 869 2371 933 egere.

271 932 482 1014 prima
523 932 689 1003 luce,
733 928 968 992 incerti
1009 949 1199 1010 quam
1238 931 1309 990 in
1350 946 1599 1011 partem
1638 931 2053 994 intenderent
2067 930 2218 1005 iter,
2260 951 2377 991 re-

271 1025 470 1106 pente
512 1010 582 1072 in
620 1010 834 1091 fugam
889 1023 1413 1086 consternantur,
1486 1013 1818 1106 conspecti
1873 1011 1953 1073 ab
2006 1009 2335 1106 equitibus
2358 1029 2381 1070 ε

273 1112 408 1176 qui,
453 1109 750 1174 egressos
789 1103 982 1152 nocte
1021 1089 1100 1150 ab
1143 1111 1228 1172 op
1280 1089 1388 1152 ido
1432 1093 1747 1154 Samnites
1790 1103 2139 1174 persecuti,
2178 1089 2379 1152 vide-
2476 1133 2478 1140 .

271 1186 418 1233 rant
455 1168 944 1244 multitudinem,
987 1189 1119 1231 non
1159 1171 1367 1244 vale,
1434 1183 1565 1234 non
1606 1172 1991 1234 stationibus
2030 1169 2381 1232 firmatam.

271 1255 632 1331 Conspecta
689 1261 758 1310 et
813 1269 892 1310 ex
947 1249 1149 1312 muris
1211 1249 1266 1312 A
1314 1251 1598 1314 niloniae
1662 1271 1738 1312 ea
1800 1249 2139 1314 multitudo
2204 1262 2383 1310 erat.

269 1329 522 1413 jamque
564 1329 751 1391 etiam
789 1329 1184 1410 legionariae
1227 1350 1305 1391 co
1352 1343 1529 1394 ortes
1570 1330 2023 1412 sequebantur.
2066 1333 2385 1392 Ceterum
2478 1331 2480 1378 !

270 1432 394 1473 nec
433 1410 634 1492 pedes
675 1409 998 1491 fugientes
1052 1411 1361 1490 persequi
1416 1410 1663 1493 potuit:
1726 1422 1794 1471 et
1840 1410 1920 1472 ab
1975 1409 2193 1490 equite
2252 1430 2381 1470 no-

269 1490 523 1555 vissimi
575 1489 843 1570 agminis
903 1487 1162 1551 ducenti
1219 1489 1431 1552 ferme
1489 1505 1556 1553 et
1626 1488 1949 1572 octoginta
2012 1488 2383 1550 interfecti.

269 1573 472 1633 Arma.
501 1571 692 1632 multa
731 1568 950 1650 pavidi
993 1589 1068 1630 ac
1109 1563 1293 1652 signa
1345 1569 1647 1631 militaria
1712 1568 2157 1652 duodeviginti
2208 1567 2383 1629 reli-

211 1711 216 1718 ,
269 1669 498 1732 quere.
559 1651 684 1711 alio
743 1647 1000 1730 agmine
1053 1648 1393 1723 incolumi,
1449 1662 1519 1711 ut
1558 1670 1641 1711 ex
1680 1662 1851 1711 tanta
1906 1647 2375 1732 trepidatione,
2481 1658 2482 1668 ¹

269 1730 625 1794 Botrianum
663 1741 1042 1811 perventum
1083 1741 1201 1789 est.

431 1810 657 1872 XLIV.
737 1807 1076 1870 Laetitiam
1115 1806 1449 1888 utriusque
1506 1807 1827 1870 exercitus
1866 1806 2141 1870 Romani
2194 1805 2383 1868 auxit

275 1902 344 1952 et
381 1889 459 1950 ab
503 1889 702 1950 altera
737 1901 918 1971 parte
961 1887 1246 1948 feliciter
1286 1899 1467 1969 gesta
1506 1907 1636 1949 res.
1678 1901 1825 1948 uter
1918 1909 1955 1949 e
2000 1909 2081 1949 ex
2102 1887 2377 1947 alterius

269 1969 595 2032 sententia
637 1959 858 2029 consul
899 1979 1152 2048 captum
1193 1965 1505 2060 oppidum
1545 1964 1827 2048 diripien
1878 1989 1984 2028 um
2022 1966 2210 2027 militi
2252 1965 2375 2025 de-

273 2049 403 2125 dit3
493 2046 815 2124 exhaustis
873 2045 1109 2107 deinde
1162 2058 1353 2108 tectis
1407 2048 1625 2129 ignem
1664 2043 1925 2128 injecitt
2010 2046 2379 2126 eodemque

274 2127 384 2190 die
437 2127 782 2210 Aquilonia
839 2139 906 2188 et
959 2127 1321 2190 Cominium
1384 2124 1839 2210 deflagravere.
1921 2139 1987 2188 et
2047 2124 2377 2198 consules,
2483 2157 2484 2176 κ

275 2229 420 2271 cum
460 2207 881 2290 gratulatione
921 2219 1134 2269 mutua
1176 2207 1507 2288 legionum
1548 2229 1813 2290 suaque,
1856 2219 2065 2270 castra
2106 2203 2379 2283 coniun-
2483 2235 2484 2244 κ

237 2339 242 2346 .
273 2309 451 2350 xere.
534 2292 606 2350 In
647 2299 994 2367 conspectu
1035 2286 1307 2347 duorum
1348 2287 1751 2348 exercituum
1794 2301 1861 2349 et
1877 2283 2193 2349 Carvilius
2216 2303 2379 2345 suos

274 2390 394 2450 pro
437 2368 746 2452 cujusque
799 2365 1030 2428 merito
1089 2364 1369 2430 laudavit
1429 2364 1846 2451 donavitque3
1922 2378 1990 2427 et
2048 2364 2377 2445 Papirius,
2416 2412 2437 2429 .

273 2447 444 2530 apud
486 2469 672 2533 quem
713 2446 1050 2529 multiplex
1089 2444 1158 2504 in
1199 2444 1361 2518 acie,
1404 2445 1577 2508 eirca
1618 2461 1847 2520 castra,
1904 2448 2081 2508 circa
2118 2443 2371 2516 urbem,

270 2529 485 2591 fuerat
523 2541 884 2599 certamem,
919 2527 1044 2606 sp.
1086 2525 1403 2599 Nautium,
1448 2527 1561 2607 Sp.
1604 2527 1971 2608 Papirium,
2030 2524 2257 2586 fratris
2296 2523 2381 2583 fi-

272 2608 450 2682 lium,
499 2623 564 2670 et
605 2620 876 2689 quatuor
915 2605 1349 2680 centuriones,
1392 2607 1913 2689 manipulumque
1952 2606 2375 2676 hastatorum,

272 2689 540 2750 armillis
581 2687 922 2768 aureisque
961 2686 1224 2748 coronis
1262 2685 1562 2748 donavite
1606 2687 1905 2748 Nautium
1945 2697 2218 2770 propter
2260 2703 2381 2745 ex-

269 2769 710 2863 peditionem,
787 2787 906 2848 qua
949 2765 1162 2849 magni
1203 2765 1474 2848 agminis
1514 2765 1706 2828 modo
1750 2777 2068 2829 terruerat
2108 2764 2377 2825 hostes:

267 2871 568 2930 juvenem
608 2847 936 2929 Papirium
989 2859 1260 2928 propter
1284 2860 1595 2911 navatam
1654 2867 1803 2908 cum
1852 2843 2141 2928 equitatu
2194 2857 2263 2904 et
2304 2845 2379 2902 in

319 2931 526 2991 roelio
571 2949 868 3010 operam,
911 2938 980 2990 et
1016 2940 1240 3000 nocte,
1304 2947 1425 3010 qua
1463 2927 1681 3010 fugam
1722 2927 2025 2989 infestam
2068 2921 2379 2986 Samniti-

265 2951 388 3072 {us
428 3009 508 3070 ab
547 3006 894 3091 Aquilonia
937 3007 1096 3070 clam
1141 3007 1426 3089 egressis
1479 3007 1666 3070 fecit=
1730 3006 2149 3068 centuriones
2196 3001 2381 3062 mili-

267 3105 496 3173 tesque
519 3132 536 3162 ,
611 3088 755 3172 quia
797 3087 994 3170 primi
1033 3102 1285 3168 portam
1326 3092 1705 3170 murumque
1746 3085 2135 3171 Aquiloniae
2176 3103 2381 3165 cepe-

265 3185 428 3235 rant.
473 3169 727 3250 equites
769 3187 989 3231 omnes
1014 3211 1032 3242 ‚
1098 3168 1182 3229 ob
1241 3166 1563 3249 insignem
1615 3167 1835 3228 multis
1876 3164 2040 3228 locis
2084 3183 2377 3247 operam,

265 3248 617 3313 corniculis
678 3249 1076 3340 armillisque
1135 3246 1463 3330 argenteis
1520 3248 1735 3312 donat.
1820 3245 2179 3309 Consilium
2216 3242 2381 3304 inde

165 3355 170 3361 ·
264 3328 584 3403 habitum,
649 3351 840 3413 quum
879 3349 1006 3408 Jam
1047 3343 1299 3409 tempus
1340 3339 1517 3389 esset
1559 3325 1922 3389 deducendi
1983 3325 2063 3386 ab
2108 3323 2379 3386 Samnio

269 3411 615 3484 exercitus,
701 3425 812 3472 aut
845 3408 1206 3490 utriusque,
1292 3421 1397 3468 aut
1437 3421 1615 3468 certe
1658 3407 1951 3470 alterius.
2034 3404 2377 3486 Optimum

265 3491 495 3565 visum,
540 3511 666 3572 quo
703 3489 908 3573 magis
952 3489 1194 3550 fractae
1235 3509 1343 3549 res
1384 3487 1765 3550 Samnitium
1806 3499 2047 3558 essent,
2094 3505 2177 3546 eo
2215 3502 2377 3566 per·

265 3569 535 3632 tinacius
579 3583 644 3632 et
685 3569 987 3632 infestius
1031 3587 1224 3650 agere
1272 3579 1489 3629 cetera
1528 3581 1595 3628 et
1634 3566 1977 3651 persequi3
2020 3578 2094 3626 ut
2132 3561 2379 3648 perdo-

265 3649 488 3709 mitum
541 3649 890 3710 samnium„
920 3648 1411 3731 insequentibus
1472 3648 1843 3710 consulibus
1898 3643 2069 3708 tradi
2124 3657 2379 3726 posset.

267 3725 539 3816 Quando
597 3725 714 3788 'am
779 3728 1016 3790 nullus'
1036 3741 1210 3790 esset
1247 3727 1529 3790 hostium
1590 3729 1912 3792 exercitus
1932 3769 1949 3798 ‚
2058 3725 2124 3786 ui
2164 3724 2379 3806 signis

267 3803 534 3865 conlatis
625 3805 988 3869 imicaturus
1029 3807 1385 3878 videretur,
1430 3827 1625 3868 unum
1668 3747 2211 3892 superesseqbelli
2252 3823 2375 3884 ge-

265 3902 410 3951 nus,
455 3881 708 3944 urbium
751 3885 1299 3968 obpugnationes3
1342 3907 1607 3968 quarum
1650 3908 1773 3982 per
1816 3885 2065 3950 excidia
2100 3883 2377 3944 militem

265 3961 662 4040 locupletare
701 3965 964 4045 praeda,
1009 3981 1077 4030 ct
1117 3967 1369 4032 hostem
1409 3986 1533 4051 pro
1578 3987 1711 4032 aris
1750 3989 1825 4032 ac
1863 3965 2032 4032 focis
2056 3961 2373 4028 dimican-
