2534 4309
488 0 559 8 v-vv
865 0 904 4 ψ.-

363 165 1044 267 -Lnnun
1157 178 1417 255 Gar.
1512 174 1811 267 4450.
2039 196 2128 263 97

117 384 353 447 poscant,
392 369 547 431 haec
588 367 864 435 Volscos
906 368 1054 445 sibi,
1098 366 1209 429 illa
1246 366 1542 453 Aequos:
1586 368 1828 451 populo
1851 370 2137 447 Romano

117 450 457 532 tranquillam
543 470 719 512 acem
757 463 1009 531 agente,
1052 470 1277 511 omnes
1317 448 1627 510 finitimos
1670 449 1884 532 subigi
1925 468 2136 530 popu-⁴

116 528 194 591 los
227 551 417 610 posse.
552 528 682 591 abii
722 542 987 610 postero
1014 528 1081 609 *)
1135 529 1243 590 die
1283 550 1455 589 arma
1495 529 1773 611 capiunt.
1815 549 1940 611 quo
1974 526 2139 610 jussi

115 622 279 683 erant,
315 610 715 674 conveniunt.
797 609 1057 684 Consul,
1098 608 1428 693 paludatus
1471 609 1834 691 egrediens,
1880 610 1950 669 in
1985 629 2139 672 ves·-

113 686 282 750 tibulo
334 704 582 773 gentem
623 709 876 761 omnem
917 710 1093 752 suam
1132 688 1444 751 instructo
1486 688 1738 771 agmine
1778 684 1976 751 videt.
2034 710 2142 752 ac·-

115 784 298 850 ceptus
310 770 371 830 in
389 770 687 843 medium,
704 766 884 853 signa
904 769 1065 831 ferri
1079 768 1274 849 jubet.
1318 772 1670 853 Numquam
1689 769 2012 858 exercitus
2025 790 2142 833 ne-

116 868 216 931 que
232 850 419 914 minor
432 871 725 924 numero,
752 870 961 933 neque
975 850 1213 911 clarior
1228 848 1392 910 sama
1415 865 1479 913 et
1495 848 1915 911 admiratione
1931 849 2142 911 homi-

112 949 249 1001 num,
282 951 395 1012 per
412 931 638 993 urbem
662 931 945 993 incessit.
991 930 1116 992 Sex
1137 944 1201 992 et
1218 930 1491 993 trecenti
1505 930 1766 1003 milites,
1791 950 2011 992 omnes
2028 950 2144 1012 pa-

114 1007 505 1082 tricii,omnes
548 1011 737 1073 unius
825 1011 1015 1085 entis,
1061 1026 1331 1095 quorum
1369 1010 1695 1073 neminem
1713 1010 1936 1072 ducem
1961 1031 2145 1091 sper-

114 1104 266 1153 neret
326 1090 624 1177 egregius
689 1094 798 1185 qui
844 1090 1082 1152 uslibet
1132 1090 1529 1173 temporibus
1583 1103 1870 1164 senatus,
1947 1091 2145 1165 ibant,

117 1169 266 1233 unius
301 1170 573 1234 familiae
615 1170 862 1235 viribus
880 1169 1142 1250 Veienti
1187 1174 1194 1181 ’
1229 1172 1424 1255 opulo
1462 1182 1713 1255 pestem
1754 1170 2146 1233 minitantes.

118 1247 469 1334 Sequebatur
521 1249 732 1327 turba,
818 1254 1084 1335 propria
1150 1272 1184 1311 a
1215 1250 1273 1312 ia
1333 1264 1746 1334 cognatorum
1803 1249 2147 1315 sodalium·-

118 1347 242 1410 que‚
303 1332 463 1394 nihil
516 1330 827 1405 medium,
871 1352 992 1394 nec
1051 1341 1233 1413 spem
1260 1374 1278 1406 ,
1350 1352 1473 1395 nec
1547 1351 1795 1405 curam,
1865 1329 1981 1393 sed
2048 1332 2149 1393 in-
2241 1338 2244 1344 '

116 1428 292 1474 mensa
350 1410 559 1474 omnia
598 1412 991 1473 volventium
1030 1411 1284 1489 animog,
1362 1412 1483 1473 alia
1541 1411 1830 1496 publica,
1902 1412 2151 1475 solliei-

115 1488 295 1553 tudine
338 1492 636 1561 excitata,
679 1490 902 1555 favore
945 1505 1012 1553 et
1052 1490 1818 1577 admirationeustupenst
1899 1492 1984 1553 ire
2000 1497 2153 1572 for·-

119 1574 193 1638 ἔα,
224 1570 301 1630 ire
318 1572 523 1650 felices
560 1570 807 1653 iubent,
866 1572 1104 1652 inreptis
1142 1582 1371 1632 eventus
1409 1592 1574 1652 par-es
1601 1574 1889 1633 reddere.-
1940 1592 2156 1633 consto-

114 1647 233 1710 lalus
266 1652 396 1712 inde
434 1668 507 1713 tu:
549 1652 893 1733 triumphos,
932 1650 1138 1712 omnia
1171 1651 1434 1730 praemia
1472 1653 1546 1710 ab
1581 1672 1639 1713 se
1655 1693 1676 1724 ,
1729 1673 1926 1713 omnes
1964 1654 2158 1713 hono-

116 1748 185 1787 ra
236 1752 468 1809 sperare.
578 1731 1148 1797 Praetereuntibus
1222 1732 1610 1815 Capitolium
1681 1752 2022 1817 arcemque
2091 1746 2162 1795 et

118 1806 214 1868 alia
248 1813 511 1895 templa,
579 1810 893 1899 quidquid
932 1814 1221 1891 Deorum
1285 1811 1528 1885 oculis,
1593 1811 1904 1896 quidquid
1943 1813 2160 1876 animo

116 1886 381 1967 obcurrit,
424 1906 795 1975 precantur,
838 1907 910 1954 ut
948 1892 1104 1955 illud
1146 1912 1376 1989 agmen
1415 1890 1693 1955 faustum
1748 1906 1938 1976 atque
1997 1891 2161 1956 felix

114 1968 337 2046 mittant,
378 1973 663 2069 sospites
704 1972 891 2036 Brevi
915 1972 1002 2034 ‘in
1042 1986 1315 2115 patriam
1355 1970 1436 2033 ad
1461 1984 1763 2055 parentes
1793 1973 2160 2038 restituant.

114 2050 396 2114 Incassum
436 2074 679 2116 missae
719 2074 971 2136 preces.
1083 2052 1310 2116 nfelici
1351 2053 1456 2116 via
1499 2052 1726 2115 dextro
1783 2057 1945 2116 Jano
2003 2074 2162 2136 por·

114 2140 199 2189 tae
230 2134 642 2196 Carmentalis
708 2132 1029 2215 profecti,
1095 2133 1580 2197 ad·Cremeram
1634 2127 1873 2196 ssumen
1925 2154 2163 2215 perve-

112 2206 283 2273 niunt.
322 2211 374 2275 is
418 2227 822 2299 opportunus
864 2214 1037 2276 visus
1078 2214 1255 2276 locus
1298 2213 1788 2275 communiendo
1804 2213 2165 2296 praesidio.
2496 2272 2502 2287 ⁴

113 2288 176 2349 L.
208 2294 504 2357 Aemilius
546 2292 701 2356 inde
745 2307 811 2357 et
866 2296 937 2357 C.
982 2293 1300 2359 Servilius
1353 2294 1657 2356 consules
1803 2307 1878 2367 U,
1913 2328 1963 2367 c.
2004 2311 2126 2382 ²7⁶·
2183 2360 2198 2368 ,
2248 2300 2386 2425 ᾗ
2499 2344 2502 2359 .

114 2364 257 2435 facti·
295 2376 395 2449 Et,
440 2374 654 2437 donec
696 2374 859 2437 nihil
902 2372 1076 2436 aliu'd
1119 2396 1306 2460 quam
1347 2374 1415 2435 in
1449 2393 1656 2456 popu·
1802 2397 1851 2431 a.
1888 2377 1951 2430 C.
1990 2379 2112 2443 4⁷⁶·
2374 2324 2503 2436 Ca·

112 2448 420 2517 lationibus
477 2475 591 2516 res
649 2454 794 2529 fuit,
856 2474 987 2517 non
1028 2454 1107 2516 ad
1149 2452 1543 2537 praesidium
1597 2454 1790 2517 modo
1841 2452 2170 2522 tutandum
2243 2474 2248 2479 “

115 2520 271 2593 Fabii
307 2536 461 2598 satis
505 2548 711 2611 erant,
756 2532 876 2598 sed
911 2548 1046 2597 tota
1085 2535 1379 2618 regione,
1427 2556 1548 2620 qua
1564 2538 1814 2599 Tuscus
1854 2555 2010 2619 ager
2031 2485 2239 2597 lto-D
2335 2563 2403 2603 υ
2485 2542 2501 2575 ‘¹

115 2630 267 2675 mano
304 2614 573 2698 adjacet,
621 2637 732 2677 sua
771 2628 902 2677 tuta
942 2616 1190 2689 omnia,
1235 2615 1473 2679 infesta
1509 2614 1820 2690 hostium,
1867 2630 2169 2700 vagantes
2214 2618 2469 2692 W,

42 2696 51 2705 '
106 2690 215 2767 ffier
247 2708 585 2779 utrumque
636 2694 865 2767 finem,
945 2694 1190 2759 fecere.
1274 2696 1682 2758 Intervallum
1722 2693 1958 2757 deinde
1997 2694 2170 2757 haud

116 2788 371 2855 magnum
410 2775 940 2859 populationibus
982 2776 1143 2838 fuit:
1187 2776 1339 2838 dum
1380 2789 1449 2837 et
1487 2774 1814 2855 Veientes,
1861 2773 2070 2838 adcito
2090 2795 2172 2838 ex

118 2850 342 2917 Etruria
382 2854 677 2919 exercitu
694 2898 717 2927 ,
794 2856 1191 2938 praesidium
1228 2858 1571 2921 Cremerae
1625 2854 2033 2940 obpugnant3
2104 2868 2175 2919 et

118 2930 403 2999 Romanae
445 2934 769 3019 legiones,
813 2934 892 2999 ab
934 2939 1012 3001 L.
1056 2937 1338 2999 Aemilio
1359 2936 1649 2999 Consule
1690 2936 2015 3010 adductae,
2061 2956 2174 2999 co·

117 3011 294 3075 minus
333 3037 477 3079 cum
518 3016 810 3079 Etruscis
853 3016 1157 3080 dimicant
1197 3018 1337 3079 acie
1424 3037 1800 3101 quamquam
1860 3016 1967 3079 vix
2008 3016 2172 3078 diri-
2219 3010 2257 3137 ι
2347 3075 2361 3091 ,

117 3092 283 3171 gandi
319 3097 525 3159 aciem
572 3096 848 3179 spatium
886 3061 1450 3177 Veientibus-filit.
1495 3096 1660 3158 adeo
1701 3097 1876 3160 inter
1900 3096 2175 3179 primam

114 3175 610 3255 trepidationem,
656 3175 804 3239 dum
843 3191 992 3259 post
1032 3178 1212 3260 signa
1257 3177 1522 3240 ordines
1565 3177 1916 3252 introeunt,
1961 3162 2361 3267 ειώείᾴώ
2377 3160 2504 3311 ffi

116 3246 315 3337 <linque
351 3257 595 3329 locant,
639 3255 886 3320 invecta
927 3256 1143 3320 subito
1187 3256 1265 3319 ab
1306 3258 1511 3321 latere
1551 3258 1834 3320 Romana
1889 3256 2177 3341 equitum
2497 3310 2502 3328 ,

110 3329 207 3405 812,
244 3357 372 3399 non
412 3356 671 3421 pugnae
708 3336 901 3400 modo
942 3337 1371 3420 incipiendae,
1417 3335 1534 3399 sed
1553 3337 1976 3414 consistendi,
2022 3336 2174 3400 ade·
2409 3338 2502 3431 ‘7⁴'

112 3410 213 3473 mit
246 3416 477 3479 locum.
564 3420 693 3489 lta,
754 3416 883 3479 fusi
927 3432 1105 3481 retro
1144 3416 1227 3478 ad
1269 3436 1414 3478 saxa
1454 3417 1710 3492 Rubra,
1784 3418 1910 3496 (ibi
1970 3432 2259 3518 castraff¹
2294 3472 2304 3505 Ι

110 3487 431 3577 habebant)
474 3516 703 3579 pacem
743 3498 1069 3581 supplices
1157 3511 1352 3560 etunt.
1436 3496 1632 3579 Cuius
1674 3498 2053 3580 inpetratae,
2095 3498 2177 3561 ab
2217 3559 2238 3586 0

110 3570 278 3637 insita
314 3576 553 3638 animis
595 3576 873 3653 levitate,
917 3590 1064 3641 ante
1151 3576 1448 3641 eductum
1487 3579 1789 3642 Cremera
1823 3583 2179 3641 Romanum
2209 3602 2234 3656 q

110 3656 508 3731 praesidium,
555 3658 898 3738 poenituit.
948 3672 951 3677 “
1919 3664 1930 3677 ”
2175 3640 2506 3700 “⁶‘'

248 3738 321 3797 L.
360 3739 624 3800 Rursus
666 3758 806 3801 cum
848 3736 1068 3802 Fabiis
1110 3752 1249 3801 erat
1270 3736 1533 3817 Veienti
1574 3737 1836 3821 populo,
1884 3738 2026 3802 sine
2045 3739 2178 3804 ullo

114 3812 346 3894 maioris
384 3816 559 3881 belli
600 3816 924 3902 adparatu,
966 3831 1321 3885 certamem
1390 3837 1513 3881 nee
1551 3834 1736 3883 erant
1773 3819 2180 3883 incursiones
2201 3874 2230 3891 ‚

2289 3316 2320 3341 O

2373 3378 2397 3399 Ο

2465 3438 2486 3457 0

2390 3478 2502 3511 Μ

176 3962 225 4027 ⁵)
253 3965 472 4019 Pontem
508 3962 684 4023 Gron.
725 3965 875 4022 Cre-r.
1002 4000 1011 4011 ·

224 4048 409 4108 uma.
484 4049 538 4108 1.
1754 4078 1787 4141 7
