2534 4309
287 144 385 223 53
675 148 1102 223 anun
1183 143 2021 229 11.clr.3.4.5.

293 335 511 403 a'udita
552 352 733 412 sunt,
843 356 917 399 er
967 337 1216 422 aliquot
1259 336 1403 401 dies
1449 359 1527 401 ea
1568 338 1957 403 consultatio
1996 336 2205 405 tenuit
2217 365 2239 422 3
2326 364 2419 407 ne

295 442 430 483 non
475 417 747 493 reddita,
791 357 954 480 gelli
997 440 1249 499 caussa3
1294 417 1567 493 reddita,
1612 419 1771 481 belli
1812 422 2077 485 materia
2120 437 2185 485 et
2224 422 2419 505 adju-

293 514 578 567 mentum
622 514 862 562 essent.
945 500 1213 565 interim
1276 500 1469 583 legati
1528 499 1639 562 alii
1696 502 1818 561 alia
1858 502 2109 577 moliri,
2181 516 2422 585 aperte

293 582 467 644 hona
509 593 904 663 repetentes,
950 581 1111 654 clam
1153 582 1586 662 recuperandi
1610 583 2095 664 regni-consilia
2121 598 2415 649 struere.

295 666 398 733 Et,
445 676 761 745 tamquam
793 661 871 722 ad
915 660 1004 734 id,
1050 660 1226 748 quod
1266 662 1371 745 agi
1414 662 1772 737 videbatur,
1818 664 2178 727 ambientes
2220 666 2423 726 nobi-

292 744 452 805 lium
493 741 999 806 adolescentium
1041 744 1290 805 animos
1336 755 1728 823 pertentant.
1810 744 1865 807 A
1930 746 2163 827 quibus
2208 746 2423 828 placi-

301 824 382 886 de
426 824 634 885 oratio
677 844 828 885 acce
881 836 942 885 ta
983 836 1101 896 est,
1145 824 1248 884 his
1292 824 1513 886 literas
1558 823 1639 883 ab
1671 822 2045 909 Tarquiniis
2088 824 2418 907 reddunt3

298 916 365 967 et
407 904 486 967 de
530 902 828 971 acciien
877 904 934 965 is
971 905 1154 967 clam
1219 918 1410 969 noete
1465 904 1536 967 in
1590 905 1819 972 urbem
1872 906 2137 993 regibus
2180 909 2421 971 conlo-

357 1000 614 1047 uuntur.
2010 1023 2015 1027 -
2198 1044 2203 1049 .

309 1008 352 1139 ‘3
390 1062 575 1151 ἨῩ.
659 1064 951 1128 Vitelliis
977 1064 1418 1151 Aquilliisque
1462 1065 1780 1132 fratribus*
1814 1065 2030 1149 primo
2070 1067 2423 1136 commissa

133 1137 407 1253 „exsoles
449 1159 567 1209 est.
652 1145 1073 1210 Vitelliorum
1115 1167 1307 1208 soror
1325 1148 1579 1210 consuli
1600 1161 1792 1229 nupta
1814 1152 2019 1211 Bruto
2040 1162 2212 1212 erate
2250 1148 2423 1223 iam·
2514 1178 2516 1189 ·

41 1278 47 1283 .
149 1248 155 1256 “
301 1250 427 1315 que
470 1247 550 1292 ex
591 1247 672 1289 eo
711 1226 1122 1289 matrimonio
1164 1228 1614 1291 adolescentes
1681 1244 1863 1293 erant
1923 1230 2121 1292 liberi
2138 1264 2187 1303 ,χ
2220 1230 2421 1295 Titus

316 1324 399 1380 υ.
433 1342 479 1375 c.
515 1322 632 1384 245,
772 1306 1231 1391 Tiberiusque.
1277 1329 1390 1372 eos
1434 1329 1693 1394 quoque
1736 1309 1803 1371 in
1842 1311 2216 1377 societatem
2250 1331 2421 1372 con-

235 1447 238 1457 ,
332 1414 392 1451 a.
437 1410 486 1449 ο.
522 1392 647 1459 5⁰⁷·
759 1387 906 1451 ‘silii
963 1389 1261 1453 avunculi
1303 1388 1660 1457 adsumunt.
1727 1403 2068 1472 praeterea
2111 1405 2177 1454 et
2216 1391 2419 1453 nobi-

299 1472 400 1536 les
440 1473 692 1559 aliquot
732 1470 1180 1533 adolescentes
1224 1470 1475 1535 conscii
1516 1468 1822 1547 adsumti‚
1908 1492 2184 1556 quorum
2226 1487 2424 1535 vetu-

163 1578 171 1589 ·
239 1562 246 1577 “’
299 1564 462 1616 state
518 1552 831 1619 memoria
885 1549 1066 1615 abiit.
1161 1550 1434 1613 Interim
1539 1574 1691 1614 uum
1739 1551 1810 1616 in
1858 1566 2086 1617 senatu
2133 1552 2422 1617 vicisset

295 1635 638 1709 sententia,
683 1654 844 1719 quae
889 1630 1196 1694 censebat
1234 1632 1486 1695 redden
1534 1655 1569 1692 a
1610 1632 1813 1712 bona3
1875 1654 2143 1717 eamque
2197 1634 2421 1715 ipsam

207 1740 210 1751 ·
295 1732 582 1779 caussam
609 1732 828 1779 morae
869 1710 939 1772 in
979 1710 1156 1774 Urbe
1186 1711 1507 1779 haberent
1539 1713 1753 1796 legati,
1799 1714 1974 1797 quod
2016 1713 2294 1796 spatium
2330 1715 2421 1779 ad

295 1796 598 1871 vehicula
631 1792 1058 1877 comparanda
1099 1814 1134 1855 a
1178 1792 1549 1858 consulibus
1576 1794 1977 1869 sumsissent,
2020 1795 2256 1879 quibus
2300 1817 2418 1858 re-

296 1892 446 1959 gum
489 1889 899 1959 asportarent
949 1892 1095 1952 res3
1160 1893 1367 1949 omne
1408 1874 1475 1936 id
1532 1888 1799 1971 tempus„
1848 1896 1993 1937 cum
2048 1875 2419 1954 conjuratis

295 1958 720 2021 consultando
762 1956 1126 2027 absumunt,
1188 1955 1623 2044 evincuntque
1666 1956 1997 2029 instando,
2060 1970 2132 2021 ut
2172 1958 2429 2021 literae

296 2039 424 2101 sibi
467 2040 548 2101 ad
593 2037 990 2122 Tarquinios
1029 2034 1371 2118 darentur:
1444 2058 1592 2097 nam
1650 2037 1841 2099 aliter
1880 2040 1992 2121 qui
2032 2036 2415 2101 credituros

291 2128 427 2193 eos,
473 2141 608 2183 non
651 2142 812 2183 vana
853 2116 933 2177 ab
974 2113 1207 2198 legatis
1250 2137 1453 2197 super
1490 2117 1687 2180 rebus
1726 2116 1920 2179 tantis
1941 2116 2236 2179 adferri'l
2271 2120 2419 2179 Da-

288 2210 393 2262 tae
437 2200 698 2275 literae,
764 2213 834 2261 ut
892 2196 1130 2279 pignus
1193 2193 1353 2259 fidei
1394 2212 1651 2271 essent,
1696 2198 2105 2263 manifestum
2150 2198 2418 2265 facinus

287 2280 610 2343 fecerunt.
690 2282 854 2341 Nam
895 2298 1110 2361 quum,
1152 2278 1372 2359 pridie
1415 2300 1600 2363 quam
1642 2279 1839 2362 legati
1880 2280 1959 2341 ad
2004 2280 2413 2361 Tarquinios

288 2357 898 2443 proficiscerentur,
987 2370 1053 2418 et
1112 2374 1447 2421 coenatum
1505 2358 1679 2427 forte
1734 2358 1906 2440 apud
1946 2360 2255 2425 Vitellios
2300 2382 2416 2425 es-

290 2455 408 2515 set,
453 2440 904 2526 coniuratique
946 2436 1061 2511 ibi,
1108 2441 1377 2501 remotis
1418 2439 1707 2513 arbitriS,
1752 2440 1946 2505 multa
1986 2440 2161 2503 inter
2200 2462 2275 2504 se
2322 2442 2414 2507 de

286 2544 494 2595 novo,
575 2538 647 2584 ut
678 2521 842 2599 -fit‚·
891 2517 1173 2584 consilio
1234 2521 1554 2603 egissent3
1603 2542 2010 2585 .sermonem
2052 2542 2415 2585 eorum-ex

283 2603 495 2666 servis
537 2626 702 2668 unus
748 2600 1035 2684 excepit,
1093 2599 1204 2696 qui
1247 2598 1375 2681 jam
1416 2615 1600 2663 antea
1640 2602 1711 2663 id
1751 2614 2047 2665 senserat
2086 2602 2230 2687 agi:
2280 2605 2413 2671 sed

284 2694 425 2745 eam
471 2686 914 2755 occasionem,
975 2694 1046 2742 ut
1097 2682 1330 2744 literae
1370 2682 1601 2765 legatis
1645 2682 1980 2759 darentur,
2063 2705 2226 2768 quae
2286 2685 2417 2746 de-

197 2780 202 2785 ’
275 2765 646 2847 prehensae
705 2786 844 2826 rem
903 2778 1256 2845 coarguere
1318 2778 1623 2843 possent,
1704 2764 2136 2845 exspectabat.
2224 2781 2416 2847 post-
2515 2832 2516 2839 χ

283 2866 469 2931 quam
514 2844 689 2909 datas
735 2843 976 2916 sensit,
1051 2864 1191 2903 rem
1249 2843 1328 2904 ad
1371 2844 1673 2907 consules
1719 2842 1981 2909 demlita
2058 2846 2409 2921 Consules,

279 2928 360 2988 ad
401 2925 990 3013 deprehendendos
1030 2923 1277 3007 legatos
1312 2923 1811 3009 conjuratosque
1856 2925 2407 3007 profecti'domO,

281 3007 424 3069 sine
469 3009 738 3070 tumultu
776 3028 919 3068 rem
966 3026 1224 3066 omnem
1272 3006 1700 3089 obpressere:
1775 3006 2119 3077 literarum.
2145 3006 2219 3070 in
2262 3009 2411 3089 pri-

276 3088 402 3149 mis
442 3088 658 3152 habita
697 3110 868 3161 cura,
911 3106 997 3149 ne
1027 3085 1515 3151 interciderent.
1550 3082 1559 3096 ‘
1598 3086 2058 3153 Proditoribus
2076 3090 2412 3171 extemplo

276 3169 348 3229 in
394 3170 643 3230 vincula
683 3167 1016 3249 conjectis,
1103 3166 1184 3227 de
1226 3168 1455 3255 legatis
1538 3168 1889 3250 paullulum
1969 3168 2413 3231 addubitatum
2515 3190 2516 3205 ¹

277 3258 414 3327 est}
490 3262 555 3311 et
611 3249 990 3333 quamquam
1057 3247 1182 3317 visi
1237 3263 1386 3310 sunt
1460 3250 1899 3325 commisisse,
1982 3264 2053 3317 ut
2116 3249 2411 3320 hostium

269 3330 420 3392 loco
474 3344 729 3406 essent,
814 3333 914 3413 jus
977 3343 1190 3391 tamen
1247 3329 1535 3413 gentium
1572 3320 1863 3401 valuit*
2515 3404 2516 3409 η

399 3412 478 3475 V.
519 3414 624 3476 De
639 3411 830 3473 bonis
846 3410 1070 3493 regiis,
1105 3431 1265 3508 quae
1281 3410 1470 3473 reddi
1486 3426 1631 3475 ante
1664 3423 2067 3481 censuerant,
2102 3432 2212 3473 res
2233 3410 2409 3473 inte-
2515 3434 2516 3439 ¹

279 3512 390 3575 gra
415 3493 700 3555 refertur
726 3494 802 3553 ad
819 3498 1068 3557 Patres.
1117 3491 1218 3554 1lli
1237 3490 1388 3553 victi
1412 3492 1505 3553 ira
1528 3492 2020 3565 remerareddi,
2042 3506 2313 3561 vetuere
2331 3490 2409 3557 in

275 3572 610 3653 publicum
649 3574 893 3655 redigi.
978 3572 1373 3656 Diripienda
1414 3574 1599 3655 plebi
1642 3587 1792 3638 sunt
1832 3576 2005 3648 data3
2068 3587 2171 3646 ut,
2236 3594 2401 3636 con-

273 3667 431 3716 taeta
473 3655 654 3738 regia
701 3656 984 3737 praeda,
1049 3674 1234 3736 spem
1299 3652 1368 3715 in
1426 3670 1812 3737 perpetuum
1869 3676 2011 3717 cum
2064 3652 2169 3717 his
2214 3656 2401 3736 pacis

271 3736 617 3797 amitteret.
703 3738 886 3818 Ager
933 3735 1460 3817 Tarquiniorum.
1509 3735 1617 3820 qui
1662 3737 1838 3823 inter
1878 3734 2110 3800 urbem
2165 3755 2241 3797 ac
2282 3734 2403 3795 Ti-

307 3826 380 3885 U.
418 3848 464 3884 c.
509 3830 626 3892 ²45.
755 3814 966 3878 herim
1049 3816 1209 3889 suit,
1294 3828 1714 3881 consecratus
1800 3815 2016 3890 Marti,
2112 3816 2407 3881 ‘Martius

289 3904 361 3953 ἐ.
399 3896 463 3954 C.
502 3898 620 3963 5⁰7·
754 3896 993 3959 deinde
1057 3918 1321 3975 campus
1379 3896 1525 3960 suit.
1636 3899 1837 3960 Forte
1892 3898 1987 3960 ihi
2034 3912 2163 3958 tum
2206 3916 2411 3979 seges
2515 3948 2516 3979 ;

272 3976 469 4040 farris
541 3976 784 4039 dicitur
845 3978 1052 4041 fuisse
1094 3992 1339 4040 matura
1382 3978 1608 4045 messi.
1690 4001 1879 4064 quem
1936 3976 2142 4061 campi
2218 3978 2413 4041 fruc-
