2534 4309
311 160 403 231 26
711 160 1636 236 L1581110CA120
1724 158 2006 273 ²70²&-

309 332 784 447 Tulluffletto
886 338 1313 437 exercituque
1368 350 1507 433 ejus
1548 350 1629 413 ab
1673 350 1833 413 ,Alba
1877 350 2094 414 adcito
2116 395 2135 425 ,
2196 365 2443 415 contra

305 435 533 498 liostes
579 432 778 496 ducit.
853 433 981 502 Ubi
1003 432 1328 497 Anienem
1370 434 1650 507 wansiit,
1694 431 1774 493 ad
1816 430 2220 496 confluentes
2266 454 2444 495 con-

307 512 482 578 locat
521 528 748 577 castra.
881 513 1056 577 Ihter
1098 534 1245 575 eum
1303 514 1516 577 locum
1571 527 1637 575 et
1696 498 1977 579 Fidenas
2001 524 2015 534 “
2048 510 2447 591 Veientium

313 596 639 661 exercitus
681 594 978 665 Tiberim
1019 596 1391 658 transierat.
1474 596 1565 657 Hi
1626 607 1693 655 et
1750 594 1819 655 in
1862 593 2005 656 acie
2046 614 2257 675 prope
2302 592 2445 655 ssu‘-

311 684 464 743 men
502 690 776 740 tenuere
823 674 1118 741 dextrum
1160 697 1403 738 cornut
1452 677 1520 737 in
1564 674 1832 739 sinistro
1872 674 2225 739 Fidenates
2268 696 2444 757 pro·-

307 757 472 841 pius·
519 770 770 820 montes
826 758 1211 821 consistunt.
1296 756 1521 819 Tullus
1566 756 1874 819 adversus
1917 754 2263 835 Veientem
2308 756 2443 817 ho-

311 853 478 902 stem
519 837 744 922 dirigit
786 848 980 901 su'os:
1047 836 1335 900 Albanos
1378 851 1603 900 contra
1644 837 1977 921 legionem
2016 836 2447 899 Fidenatium

312 920 634 983 conlocat.
715 918 968 982 Albano
1011 940 1144 979 non
1185 918 1332 1013 plus
1378 918 1573 983 animi
1615 933 1783 992 erat,
1828 938 2019 1003 quam
2060 914 2237 977 fidei.
2302 940 2447 981 nec

221 1044 235 1053 -
310 1020 576 1065 manere
618 1018 799 1097 erge,
845 1020 970 1061 nec
1007 1004 1291 1067 transire
1333 1013 1557 1083 aperte
1600 1016 1829 1071 ausum·
1860 999 2103 1062 sensim
2139 996 2221 1058 ad
2240 1020 2445 1060 mon-

311 1094 414 1143 tes
456 1079 1018 1155 succeditoklnde,
1061 1080 1176 1141 ubi
1219 1080 1375 1144 satis
1417 1080 1673 1145 subisse
1716 1099 1862 1143 sese
1904 1093 2077 1142 ratus
2122 1092 2247 1153 est,
2292 1080 2445 1140 eri-

312 1161 413 1247 git
451 1176 652 1225 totam
691 1162 926 1225 aciem:
971 1158 1421 1244 fluctuansque
1460 1160 1701 1235 animo,
1747 1174 1815 1225 ut
1858 1174 2105 1223 tereret
2144 1155 2448 1241 tempu}

317 1240 582 1307 ordines
647 1242 947 1339 explicat.
1055 1241 1418 1305 Consilium
1481 1256 1657 1317 erat,
1740 1262 1862 1327 qua
1950 1240 2208 1305 fortuna
2284 1262 2445 1303 rem

315 1322 535 1399 daret,
609 1344 686 1385 ea
740 1322 1056 1387 inclinare
1126 1321 1325 1385 vires.
1426 1322 1743 1387 Miraculo
1806 1320 2023 1403 primo
2086 1342 2231 1383 esse
2290 1324 2445 1383 Ro-

313 1404 545 1479 manis,
590 1403 701 1487 qui
736 1400 1021 1486 pioximi
1057 1416 1389 1477 steterant,
1434 1418 1507 1467 ut
1544 1401 1773 1465 nuderi
1814 1404 2015 1467 latera
2056 1424 2167 1464 sua
2206 1402 2445 1465 socio-—

311 1506 458 1546 rum
501 1482 803 1567 digressu
847 1497 1230 1547 senserunt=
1276 1482 1429 1547 inde
1473 1504 1675 1569 eques
1718 1484 1915 1547 citato
1956 1504 2126 1567 equo
2168 1485 2445 1547 nuntiat

311 1565 479 1648 regi,
523 1564 708 1630 abire
734 1561 1042 1631 Albanos.
1122 1560 1353 1627 Tullus
1398 1564 1466 1626 in
1506 1586 1583 1627 re
1626 1564 1881 1659 trepida
1924 1563 2263 1627 duodecim
2306 1586 2445 1627 vo-

311 1646 411 1711 vit
429 1647 639 1711 Salios
664 1688 683 1722 ‚
753 1646 1036 1731 fanaque
1089 1646 1335 1707 Pallori
1389 1665 1462 1708 ac
1530 1649 1789 1711 Pavori.
1902 1646 2195 1725 Equitem,
2254 1644 2446 1709 clara

311 1722 661 1811 increpans
704 1748 865 1790 voce
887 1773 905 1803 ‚
949 1738 1023 1789 ut
1059 1725 1286 1790 hostes
1329 1724 1750 1801 exaudirent,
1796 1726 1991 1789 redire
2030 1726 2095 1786 ἰη
2130 1726 2443 1809 proelium

318 1803 536 1871 ‘uhett
573 1808 728 1869 nihil
767 1806 1155 1889 trepidatione
1195 1827 1340 1889 opus
1379 1828 1531 1869 esso.-
1569 1829 1674 1871 suo
1704 1810 1871 1882 iussu
1910 1806 2283 1868 circumduci
2312 1808 2443 1867 At-

431 1908 533 1948 um
571 1889 915 1961 exercitum,
960 1898 1025 1948 ut
1063 1886 1445 1953 Fidenatium
1485 1890 1651 1949 nuda
1692 1899 1859 1967 terga
1899 1888 2201 1951 intudem.
2248 1886 2441 1949 idem

313 1966 592 2051 imperat
612 2014 628 2047 ‚
691 1982 764 2033 ut
816 1968 1032 2033 hastas
1095 1968 1351 2057 equites
1412 1967 1673 2053 erigere
1728 1967 1975 2053 jubeat.
2057 1968 2130 2031 Id
2186 1968 2443 2031 factum

310 2070 582 2133 magnae
629 2047 810 2133 parti
853 2049 1144 2133 peditum
1183 2050 1621 2113 Romanorum
1663 2062 2083 2132 conspectum
2123 2048 2441 2113 abeuntis

305 2130 545 2194 Albani
588 2129 927 2195 exercitus-
955 2130 1363 2227 intersepsit.
1426 2132 1537 2217 qui
1579 2130 1915 2206 viderant,
1960 2130 2075 2204 id,
2122 2128 2303 2215 quod
2348 2130 2441 2193 ab

310 2232 470 2296 rege
529 2211 813 2275 auditum
873 2224 1014 2275 erat
1033 2254 1050 2288 ‚
1079 2224 1271 2286 .rat1‚
1351 2230 1434 2274 eo
1491 2212 1703 2275 acrius
1764 2226 2070 2295 pugnant.
2172 2216 2443 2275 Terror

309 2290 394 2354 ad
450 2291 671 2357 hostes
730 2293 1002 2358 transit:
1065 2304 1133 2357 et
1173 2290 1557 2359 audiverant
1596 2294 1768 2356 clara
1808 2314 1971 2359 voce
2015 2292 2255 2355 dictum
2278 2336 2295 2367 ‚
2366 2308 2443 2356 et

307 2394 539 2455 magna
578 2396 730 2457 pars
773 2373 1186 2437 Fidenatium
1210 2419 1228 2450 ,
1280 2388 1349 2437 ut
1404 2373 1513 2461 qui
1568 2374 1787 2439 coloni
1846 2373 2049 2438 additi
2114 2375 2443 2437 Romanis

309 2456 570 2531 essent,
631 2455 861 2519 Latine
904 2454 1219 2525 sciebant.
1308 2452 1585 2539 ltaque,'
1630 2475 1715 2517 ne
1748 2456 1980 2519 'subito
2022 2476 2101 2517 ex
2144 2454 2435 2519 collibus

309 2533 589 2611 decursu
644 2536 1038 2599 Albanorum
1078 2534 1684 2609 ‘intercluderentur
1742 2537 1822 2599 ab
1881 2534 2127 2619 oppido
2146 2581 2165 2610 ‚
2240 2550 2439 2636 terga

305 2630 588 2679 vertunt.
671 2620 876 2679 Instat
917 2617 1180 2692 Tullus,
1239 2616 1521 2701 fusoque
1572 2615 1987 2681 Fidenatium
2044 2638 2289 2691 cornu,
2358 2643 2437 2681 m

310 2695 682 2776 Veientem,
727 2697 943 2761 alieno
983 2716 1226 2781 pavore
1315 2699 1657 2771 erculsum‚
1702 2686 1992 2762 ferocissr
2032 2696 2222 2761 redit.
2284 2700 2437 2763 Nec

307 2777 407 2841 illi
451 2778 659 2841 tulere
703 2776 769 2839 in
825 2791 1025 2851 etum:
1085 2775 1204 2841 sed
1245 2718 1324 2839 οἵ)
1367 2778 1573 2841 είλιεει
1618 2778 1773 2861 fuga
1814 2776 2055 2841 ssumen
2095 2776 2437 2859 objectum

305 2881 344 2921 a
386 2872 574 2941 tergo
615 2879 762 2922 arce
811 2874 894 2923 at.
958 2860 1102 2956 Quo
1143 2873 1488 2943 postquam
1528 2858 1681 2943 fuga
1722 2858 2094 2940 inclinavit3
2136 2860 2277 2936 alii,
2322 2885 2437 2923 ar·-

304 2961 410 3002 ma
449 2938 645 3003 foede
689 2939 1041 3021 jactantes,
1101 2940 1170 3005 in
1212 2961 1247 3001 a
1296 2962 1441 3003 uam
1481 2938 1661 3004 caeci
1702 2940 2015 3020 ruebant3
2074 2940 2225 3016 alii,
2272 2940 2435 3006 dum

305 3033 688 3083 cunctantur
711 3022 779 3083 in
799 3020 989 3103 ripis,
1032 3020 1210 3084 inter
1251 2960 1451 3105 iugae
1492 3042 1877 3107 pugnaeque
1920 3022 2267 3087 consilium
2302 3024 2438 3088 ob-

305 3102 544 3185 pressi.
629 3104 777 3165 Non
820 3100 946 3163 alia
987 3117 1135 3165 ante
1178 3105 1465 3165 Romana
1506 3124 1721 3185 pugna
1763 3103 2047 3167 atrocior
2086 3103 2259 3167 fuitt·

469 3182 765 3247 xxvm.
841 3187 1006 3245 Tum
1026 3174 1315 3247 Albanus
1360 3184 1709 3259 exercitus,
1756 3196 2083 3267 spectator
2122 3186 2433 3249 certami-

303 3260 449 3336 nis,
507 3260 821 3327 deductus
864 3264 937 3325 in
977 3284 1260 3346 campos.
1342 3268 1583 3327 Mettus
1627 3264 1818 3327 Tullo
1862 3264 2154 3329 devictos
2192 3264 2433 3331 hostes

351 3344 681 3428 ratulatur‚
705 3358 930 3407 contra
950 3345 1176 3408 Tullus
1197 3348 1470 3409 Mettum
1487 3344 1775 3429 henigne
1795 3342 2183 3430 adloquitur.
2226 3348 2433 3441 Quod

355 3444 478 3485 ene
519 3436 749 3501 vertet,
796 3441 1005 3489 castra
1047 3425 1336 3489 Albanos
1379 3427 1689 3493 Romanis
1734 3426 1965 3491 castris
2008 3426 2285 3511 jungere
2328 3429 2432 3513 ju·-

301 3498 452 3567 bet=
516 3502 903 3568 sacrificium
958 3506 1224 3577 lustrale
1286 3506 1355 3569 in
1411 3504 1584 3569 diem
1644 3522 1979 3591 posterum
2034 3508 2235 3591 para't.
2297 3510 2431 3571 Ubi

304 3582 563 3660 inluxit,
607 3586 852 3669 paratis
897 3588 1221 3662 omnibus,
1264 3602 1337 3651 ut
1374 3586 1645 3665 adsolet,
1690 3588 1911 3652 vocari
1934 3586 2014 3653 ad
2033 3589 2433 3655 concionem

302 3676 644 3757 utrumque
689 3667 1048 3729 exercitum
1087 3666 1289 3749 jubet.
1357 3671 1755 3743 Praecones‚
1798 3670 1898 3732 ab=
1922 3683 2217 3733 extremo
2262 3669 2427 3747 orsi,

301 3762 553 3825 primos
597 3746 902 3809 excivere
942 3747 1250 3810 Albanos.
1335 3748 1465 3823 Hi,
1524 3748 1813 3814 novitate
1854 3751 2051 3813 etiam
2090 3750 2195 3813 rei
2235 3751 2431 3827 moti,

304 3832 392 3915 ut·
411 3842 631 3906 regem
654 3828 1012 3887 Romanum
1045 3825 1541 3891 concionantem
1575 3830 1894 3904 audirent,
1937 3831 2221 3915 proximi
2268 3852 2429 3897 con-

306 3913 562 3991 stitere.
643 3906 744 3965 Ex
803 3902 1166 3986 composito
1227 3920 1464 3969 armata
1518 3910 1955 3975 circumdatur
1992 3914 2286 3977 Romana
2332 3915 2429 3977 le-

297 3994 445 4071 ,3¹⁰⁶
525 3982 1018 4050 centurionibus
1061 3984 1279 4051 datum
1324 3988 1663 4073 negotium
1706 4002 1881 4071 crat,
1942 4006 2015 4058 ut
2050 3990 2201 4059 sine
2240 4016 2431 4061 mora
