2534 4309
260 1 351 11 Ἶρ-ι-

347 140 535 229 ⁴74-
647 129 1084 208 1211111·
1159 141 1253 207 x.
1362 139 1513 208 ci
1561 161 1619 208 ι».
1703 82 2001 208 ἕπει.
2066 135 2189 205 53.

2479 269 2492 299 Ι

343 329 562 413 pigeat
621 326 1109 410 longinquitatis
1185 327 1507 410 bellorym
1582 327 1931 391 scribendo
2010 327 2434 413 legendoque,

257 415 262 422 ’
345 430 510 493 quae
554 421 858 491 gerentes
897 429 1030 470 nou
1073 408 1186 470 sati
1233 408 1539 470 averunt?

385 503 453 556 υ.
491 523 538 556 c.
591 505 709 568 458,
1015 427 1281 550 -xxxffh
1328 491 1409 582 Q.
1430 488 1821 562 Fabium‚‘P.
1851 489 2147 564 Decium,
2176 491 2251 552 L.
2274 493 2439 552 Pos-

382 591 432 626 a.
469 571 533 630 C.
573 583 688 645 294.
838 569 1070 630 tumius
1113 570 1429 650 Megellus
1463 583 1529 630 et
1568 575 1655 630 M.
1684 571 1917 632 Atilius
1958 572 2247 653 Regulus
2284 591 2441 632 con-

344 651 519 722 sules
562 653 766 714 secuti
810 663 974 712 sunt.
1073 651 1401 710 Samnium
1440 649 1745 712 ambobus
1806 649 2063 712 decreta
2105 651 2439 732 provincia

341 743 480 810 θοις
527 731 672 816 quia
716 747 847 794 tres
892 730 1169 810 scriptos
1211 729 1493 792 hostium
1535 731 1879 805 exercitus,
1924 753 2051 794 uno
2092 731 2435 802 Etruriam,
2493 757 2494 764 ¹

341 812 552 874 altero
598 813 606 828 ¹
653 805 691 872 d
741 811 1056 873 ulationes
1111 809 1494 891 Campaniae
1547 811 1795 892 repeti,
1874 813 2133 874 tertium
2187 809 2435 874 tuendis

394 893 559 954 arari
648 913 713 954 m
763 914 874 968 us,
933 891 1100 954 fama
1143 905 1297 952 erat.
1382 892 1781 953 Postumium
1810 893 2135 958 ‚valetudo
2178 891 2439 953 adversa

339 907 591 1035 Romae
630 973 876 1037 tenuit:
919 971 1156 1034 Atilius
1197 972 1521 1054 extemplo
1562 971 1913 1067 profectus,
1958 987 2029 1034 ut
2068 973 2137 1034 in
2181 973 2439 1036 Samnio

343 1051 568 1118 hostes
629 1053 746 1132 (ita
802 1051 975 1115 enim
1033 1053 1360 1134 placuerat
1411 1051 1741 1122 Patribus)
1798 1053 2077 1116 nondum
2132 1073 2437 1136 egressos

347 1134 768 1216 obprimeret.
861 1133 1060 1197 Velut
1128 1153 1206 1193 ex
1261 1151 1401 1194 com
1452 1131 1624 1194 osito
1685 1133 1779 1195 ibi
1844 1132 2101 1196 obv'ium
2152 1134 2441 1196 habuere

347 1213 642 1293 hostem3
685 1213 800 1276 ubi
841 1228 908 1276 et
942 1213 1224 1284 intrare,
1286 1233 1372 1275 ne
1420 1235 1525 1273 um
1564 1227 1863 1290 vastare,
1885 1216 2016 1296 ipsi
2060 1215 2439 1278 Samnitium

348 1315 572 1378 agrum
610 1293 1151 1377 prohiberenturz
1195 1307 1264 1354 et
1294 1292 1521 1376 egredi
1560 1294 1713 1358 inde
1738 1293 1806 1356 in
1840 1309 2059 1376 pacata
2084 1296 2437 1357 sociorum-

347 1391 476 1458 que
519 1376 744 1458 populi
782 1372 1054 1437 Romani
1095 1371 1262 1436 fines
1304 1375 1661 1437 Samnitem·
1694 1375 2143 1458 prohiberent.
2230 1376 2433 1466 Quum

347 1469 554 1518 castra
609 1455 839 1520 castris
897 1454 1139 1518 conlata
1181 1469 1401 1518 essent
1422 1498 1440 1528 ‚
1508 1455 1681 1537 quod
1732 1455 1839 1520 vix
1881 1460 2205 1518 Romanus
2248 1457 2433 1519 toties

347 1536 562 1600 victor
615 1533 914 1610 auderet,
979 1536 1118 1614 ausi
1169 1535 1487 1596 Samnites
1542 1551 1691 1597 sunt
1750 1535 2021 1614 (tantum
2072 1535 2433 1618 desperatio

347 1614 573 1680 ultima
627 1613 1008 1679 temeritatis
1061 1613 1248 1689 facit)
1307 1629 1509 1677 casua
1560 1619 1845 1679 Romana
1902 1617 2303 1700 obpugnare.
2376 1631 2437 1680 et

349 1717 728 1782 quamquam
765 1717 898 1758 non
938 1697 1116 1757 venit
1158 1696 1240 1756 ad
1282 1695 1477 1758 finem
1514 1711 1639 1759 tam
1684 1697 1883 1758 audax
1923 1697 2295 1780 inceptum,
2346 1713 2435 1758 ta-

257 1797 270 1808 ·
343 1797 500 1842 men
537 1775 708 1840 haud
763 1773 1026 1838 omnino
1075 1797 1307 1842 vanum
1358 1776 1504 1838 fuit.
1585 1777 1831 1840 Nebula
1874 1792 2013 1840 erat
2050 1781 2133 1842 ad
2172 1780 2435 1840 multum

345 1855 482 1920 diei
523 1855 721 1922 densa
759 1855 960 1931 adeo,-
1000 1871 1072 1919 ut
1110 1857 1273 1919 lucis
1314 1877 1501 1918 usum
1543 1859 1831 1940 eriperet
1851 1903 1868 1932 ‚
1912 1881 2045 1921 non
2088 1873 2437 1942 prospectu

245 1973 250 1980 ·
342 1935 542 2004 modo
572 1953 758 2008 ,extra
795 1938 1030 2001 vallum
1072 1937 1347 2013 ademto,
1389 1937 1511 2000 sed
1552 1939 1917 2024 propinquo
1948 1940 2141 2002 etiam
2168 1960 2245 2002 co
2368 1961 2438 2001 e-

343 2016 875 2095 dientium'inter
903 2017 988 2081 'se
1029 2035 1397 2101 conspectu.
1478 2023 1617 2082 Hac
1668 2021 1846 2083 velut
1883 2019 2129 2083 latebra
2172 2019 2297 2084 insi
2342 2019 2437 2080 ia-

341 2119 490 2160 rum
529 2097 684 2161 freti
727 2101 1077 2176 Samnites,
1121 2099 1377 2164 vixdum
1420 2102 1573 2163 satis
1616 2115 1791 2164 certa
1831 2101 2008 2174 luce,
2054 2117 2119 2166 et
2160 2122 2297 2162 eam
2334 2101 2435 2182 ip.

347 2197 484 2240 sam
516 2193 862 2274 premente
903 2181 1203 2264 caligine,
1247 2181 1337 2241 ad
1372 2181 1713 2244 stationem
1751 2183 2099 2244 Romanam
2144 2181 2209 2244 in
2250 2197 2437 2263 porta

345 2273 637 2344 segniter
679 2275 971 2356 agentem
1017 2261 1271 2346 vigilias
1311 2261 1721 2356 perveniunt⁴
1785 2263 2127 2344 inproviso
2170 2261 2435 2345 obpres-

343 2341 438 2402 sis
479 2361 602 2403 nec
643 2342 838 2404 ammi
879 2342 1034 2406 satis
1073 2343 1154 2407 ad
1194 2343 1647 2414 resistendum,
1692 2362 1815 2405 nec
1852 2343 2090 2404 virium
2130 2341 2274 2404 fuit.
2336 2342 2435 2405 Ab

343 2435 535 2504 tergo
589 2436 944 2485 castrorum
998 2423 1342 2486 decumana
1382 2437 1569 2505 porta
1630 2423 1889 2516 inpetus
1928 2423 2157 2486 sactus.
2218 2423 2435 2506 itaque

343 2517 600 2582 captum
643 2503 1108 2586 quaestorium:
1167 2517 1597 2588 quaestorque
1638 2503 1732 2565 ibi
1768 2503 2189 2586 L.·Opimius
2228 2505 2437 2567 Pausa

342 2582 623 2646 occisus.
667 2585 1127 2646 conclamatum
1159 2583 1322 2646 'inde
1364 2585 1444 2644 ad
1484 2605 1677 2644 arma.
1891 2647 1897 2656 ,

505 2665 793 2725 XXXIII.
877 2665 1138 2738 Consul,
1183 2663 1451 2727 tumultu
1494 2665 1762 2738 excitus,
1808 2663 2110 2727 cohortes
2132 2661 2295 2726 duas
2332 2685 2435 2726 so·

343 2744 622 2818 ciorum,
686 2747 1008 2806 Lucanam
1064 2749 1603 2830 Suessanamque,
1663 2767 1825 2828 quae
1926 2746 2209 2806 roximae
2262 2743 2433 2806 sorte

343 2838 548 2898 erant,
591 2826 762 2886 tueri
851 2827 1198 2887 raetorium
1239 2826 1452 2904 jubetz
1494 2826 1855 2907 manipulos
1924 2826 2227 2907 egionum
2250 2823 2435 2906 prin-

339 2903 536 2985 cipali
576 2906 678 2968 via
721 2846 986 2966 indJucit.
1071 2907 1355 2970 Vixdum
1396 2906 1553 2967 satis
1595 2907 1821 2987 aptatis
1866 2907 2091 2982 armis,
2148 2906 2215 2965 in
2260 2905 2441 2968 ordi-

339 2999 460 3046 nes
505 2999 695 3047 eunte
765 3000 833 3049 et
871 2987 1148 3051 clamore
1189 2988 1425 3070 magis,
1472 3007 1659 3072 quam
1702 2986 1937 3058 oculis,
1980 2986 2241 3049 hostem
2278 3007 2437 3048 nos·

339 3080 524 3148 cunt:
567 3087 708 3142 nec,
754 3079 1018 3150 quantus
1045 3089 1349 3130 numerus
1392 3067 1495 3138 sit,
1540 3067 1865 3128 aestimari
1906 3069 2142 3148 potest.
2186 3064 2437 3129 Cedunt

245 3163 250 3171 ·
337 3148 554 3228 primo
594 3147 827 3209 incerti
870 3146 1167 3210 fortunae
1207 3169 1387 3224 suae,
1431 3158 1497 3210 et
1533 3147 1789 3210 hostem
1814 3149 2162 3209 introrsum
2192 3147 2263 3208 iu
2302 3167 2437 3208 me-

339 3225 448 3288 dia
487 3241 692 3288 castra
731 3227 1076 3309 accipiunt.
1119 3227 1272 3290 inde
1316 3251 1505 3314 quum
1548 3229 1770 3292 consul
1796 3227 2287 3300 vociferaretur,
2328 3247 2439 3286 ex·-

334 3307 563 3388 pulsine
611 3319 786 3368 extra
832 3309 1078 3379 vallum,
1140 3321 1335 3369 castra
1387 3310 1603 3370 deinde
1652 3330 1757 3369 sua
1800 3309 2195 3387 obpugnatun'
2230 3319 2435 3376 cavent,

336 3387 670 3470 rogitan83
714 3389 991 3467 clamore
1027 3389 1278 3451 sublato
1322 3389 1583 3451 connixi
1612 3391 1825 3471 primo
1868 3389 2205 3451 resistunt:
2252 3387 2435 3449 dein·

339 3465 422 3528 de
465 3465 754 3529 inferunt
785 3467 1018 3550 pedem
1048 3485 1478 3555 urguentque,
1525 3485 1590 3532 et
1629 3471 1921 3550 inpulsos
1946 3470 2151 3532 semel
2180 3483 2433 3530 terrore

339 3547 570 3612 eodem
610 3563 838 3630 agunt,
904 3571 1030 3634 quo
1084 3565 1461 3633 coeperunt.
1524 3551 1896 3631 ·Expessunt
1936 3551 2129 3613 'extra
2186 3563 2433 3644 portam

339 3625 744 3708 vallumque.
809 3629 962 3689 inde
1005 3649 1287 3723 pergere
1346 3654 1421 3694 ac
1462 3631 1770 3715 persequi
1812 3629 2289 3716 (quiaturbida
2326 3631 2430 3690 lux

337 3714 578 3794 metum
619 3705 788 3778 circa
829 3707 1205 3772 insidiarum
1246 3710 1557 3791 faciebat)
1606 3733 1739 3774 non
1780 3711 1955 3785 ausi„
1999 3710 2292 3772 liberatis
2330 3731 2430 3772 ca-

341 3793 496 3841 stris
531 3783 838 3858 contenti,
883 3806 1036 3863 rece
1085 3807 1277 3853 erunt
1316 3813 1388 3853 se
1430 3793 1594 3856 intra
1614 3791 1846 3854 vallum
1875 3792 2194 3853 trecentis*
2226 3789 2429 3852 fenne

339 3857 621 3921 hostium
681 3863 933 3958 occisjs·
1077 3890 1449 3934 omanorum
1508 3873 1805 3936 stationis
1848 3871 2095 3954 primae
2132 3870 2427 3952 vigilum.-

341 3934 468 4022 que
513 3952 579 4000 et
619 3961 838 4040 eorum
861 3987 902 4020 „
925 3949 1032 4030 qui
1078 3949 1250 4012 circa
1295 3953 1732 4037 quaestorium
1769 3951 2102 4034 obpressi,
2164 3951 2425 4032 periere

1834 4194 1867 4214 „t
