2534 4309
609 12 626 43 ἱ
1662 0 1738 84 s
1863 4 2099 101 κε’-τ

539 154 948 225 Llsssn
1029 156 1083 223 Ι.
1184 136 1467 223 Can·
1539 136 2017 254 iffae-⁵³
2142 141 2239 243 19⁸

143 368 374 411 morum
411 342 728 411 societate
771 361 848 407 ac
889 340 1271 408 foederibus
1312 341 1632 424 iunxisset
1672 342 1955 429 animos,
1998 344 2237 427 positis

143 444 540 493 externorum
609 426 1054 509 periculorum
1117 424 1292 487 euris
1314 466 1331 500 ,
1414 448 1497 489 ne
1556 427 2039 489 luxuriarentur
2100 428 2237 491 otio

54 504 59 603 j
141 512 358 585 animi,
404 530 568 595 quos
610 520 818 570 metus
875 506 1159 569 hostium
1217 504 1564 649 diseiglina
1610 529 1693 571 ue
1729 508 2037 571 militaris
2080 528 2237 570 con-

54 608 57 667 Ι
142 593 441 669 tinuerat3
501 589 786 651 omnium
827 586 1128 669 primum,
1171 606 1313 648 rem
1354 610 1387 648 a
1472 610 1583 651 mu
1608 588 1951 652 titudinem
1985 589 2238 670 inperi-

54 672 64 745 f
138 686 268 746 tam,
311 685 382 735 et
419 671 552 733 illis
593 668 872 731 saeculis
895 666 1140 742 rudem,
1187 664 1727 743 efficacissimam,
1770 672 2061 733 Deorum
2104 692 2238 733 me-

139 768 257 815 tum
295 749 728 832 injiciendum
767 762 944 819 ratus
965 750 1271 833 ,estquui
1296 768 1489 833 quum
1533 750 1932 813 descendere
1976 750 2057 811 ad
2098 752 2237 813 ani-

141 855 262 897 mos
309 834 456 895 sine
499 832 718 915 aliquo
761 844 1130 893 commento
1169 830 1467 892 miraculi
1510 852 1641 893 non
1684 836 1941 913 posset,
1986 832 2246 894 simulat

142 916 256 977 sibi
309 934 458 979 eum
509 914 655 973 Dea
707 911 948 995 Egeria
999 930 1388 1005 congressus
1450 926 1805 987 nocturnos
1858 933 2037 975 essex
2100 913 2240 992 eius

53 1060 66 1109 l
141 1016 204 1058 se
239 994 532 1067 monitu,
687 1013 760 1053 ae
821 992 1271 1074 acceptissima
1312 992 1461 1055 Diis
1496 1006 1762 1065 essent,
1824 1014 2003 1057 saera
2056 994 2241 1057 insti-

54 1170 56 1199 Ι

54 1224 57 1251 Ι

54 1150 56 1155 ,
141 1090 348 1155 tuere3
405 1094 594 1136 sacer
639 1087 783 1135 etes
841 1092 992 1155 suos
1034 1073 1270 1157 cuique
1310 1074 1603 1136 Deorum
1642 1069 2023 1156 praeficere.
2128 1078 2243 1137 At-

54 1296 57 1321 ,
141 1258 387 1301 menses
449 1234 766 1297 describit
824 1254 1081 1296 annum.
1129 1254 1319 1317 quem
1358 1236 1541 1320 (quia
1584 1235 1871 1299 tricenos
1928 1234 2067 1297 dies
2107 1238 2241 1298 sin-

54 1324 56 1335 '
145 1320 299 1401 gulis
340 1318 678 1379 mensibus
734 1316 883 1376 luna
925 1336 1056 1381 non
1099 1316 1361 1396 explet,
1424 1316 1787 1401 desuntque
1844 1315 1988 1378 dies
2028 1317 2243 1381 solido

54 1460 56 1463 ,
143 1420 298 1463 anno
319 1442 338 1473 ,
409 1397 522 1483 qui
549 1444 560 1457 .
584 1394 914 1461 solstitiali
967 1395 1430 1481 §.irmmagitur
1496 1395 1687 1475 orbe)
1749 1398 2243 1461 intercalaribus

54 1520 56 1557 ᾗ
141 1480 464 1542 mensibus
529 1474 1068 1559 interponendis,
1127 1476 1217 1538 ita
1278 1477 1696 1561 dispensavit,
1760 1493 1835 1542 ut
1886 1490 2115 1563 quarto
2177 1492 2247 1541 et

54 1568 57 1605 f
145 1560 454 1643 vigesimo
497 1580 666 1624 anno
711 1557 793 1619 ad
829 1571 1064 1619 metam
1105 1557 1395 1621 eamdem
1436 1560 1612 1622 Solis
1636 1600 1655 1634 ,
1718 1558 1894 1633 unde
1962 1560 2098 1621 orsi
2140 1580 2243 1623 es-

54 1678 56 1681 >
146 1655 312 1716 sent,
383 1640 600 1723 plenis
641 1657 956 1701 annorum
996 1637 1284 1701 omnium
1322 1640 1552 1723 spatiis
1596 1639 1739 1703 dies
1779 1654 2241 1723 congruerent.

54 1728 56 1733 '
145 1721 318 1783 Idem
357 1720 645 1783 nefastos
689 1719 831 1780 dies
874 1720 1202 1803 fastosque
1243 1722 1435 1796 feeit,
1498 1722 1650 1807 quia
1691 1720 2035 1808 aliquando
2077 1722 2244 1785 nihil

371 1802 568 1883 epulo
612 1800 716 1884 agi
755 1798 918 1861 utile
953 1800 1242 1863 summm
1281 1813 1443 1864 erat.

145 1822 444 1977 ᾞΧ.
471 1888 637 1944 Tum
651 1878 1098 1943 sacerdotibus
1119 1882 1420 1946 creandis
1440 1880 1723 1945 animum
1740 1880 2001 1965 adjecit,
2026 1904 2245 1968 quam·

151 1984 330 2048 quam
373 1962 398 2033 i
445 1982 521 2025 se
561 1961 840 2044 plurima
881 1982 1062 2025 sacra
1105 1962 1348 2038 obibat,
1395 1984 1469 2027 ea
1511 1964 1784 2027 maxime
1806 2008 1826 2041 ‚.
1868 1984 2029 2047 quae
2070 1982 2245 2026 nune

148 2044 224 2105 ad
270 2043 398 2107 Dia
427 2066 530 2106 em
585 2041 912 2103 ssa'minem
975 2044 1329 2125 pertinent.
1366 2066 1381 2085 ’
1434 2042 1603 2120 Sed,
1660 2043 1810 2131 quia
1870 2046 1954 2109 in.
1985 2046 2247 2109 civitate

151 2124 458 2187 bellicosa
516 2124 740 2206 plures
805 2124 1090 2198 Romuli,
1157 2145 1345 2209 quam
1404 2128 1647 2187 Numae
1674 2170 1691 2200 ‚
1746 2126 1997 2190 similes
2051 2144 2246 2208 reges

147 2206 404 2286 putabat
441 2205 636 2277 fore,
675 2204 884 2265 ituros
977 2225 1013 2267 e
1057 2205 1237 2287 ipsos
1281 2204 1615 2285 adbella,
1676 2228 1761 2269 ne
1803 2227 1983 2269 sacra
2024 2208 2251 2289 regiae

147 2286 301 2349 vicis
347 2280 846 2359 desererentur,
961 2286 1238 2347 aminem
1277 2290 1315 2349 J
1321 2288 1427 2351 ovi
1468 2286 1803 2349 adsiduum
1842 2286 2251 2361 sacerdotem

147 2366 388 2430 creavit
407 2406 426 2441 ,
508 2365 882 2449 insignique
951 2384 1100 2428 eum
1149 2366 1344 2439 'veste
1416 2381 1485 2430 et
1596 2366 1765 2430 uruli
1843 2368 2025 2450 regia
2089 2368 2251 2430 sella

143 2436 504 2534 {dmssffl-itl
543 2445 700 2509 huie
741 2445 904 2509 duos
945 2444 1242 2510 flamines
1286 2446 1526 2528 adjecit
1548 2388 2249 2523 §mmmm

143 2542 352 2589 terum
394 2526 702 2623 Quirino.
783 2526 1230 2612 virginesque
1272 2524 1513 2593 Vestae
1556 2529 1757 2613 legit,
1820 2530 1986 2591 Alba
2029 2527 2251 2591 oriun-

54 2616 56 2621 '
145 2608 290 2671 dum
329 2606 790 2683 sacerdotium,
835 2620 902 2669 et
943 2609 1124 2691 genti
1167 2608 1526 2673 conditoris
1565 2609 1735 2671 haud
1776 2611 2079 2672 alienum.
2122 2608 2248 2685 his,

141 2704 210 2751 ut
249 2687 562 2751 adsiduae
619 2689 846 2771 templi
887 2687 1228 2751 antistites
1256 2704 1509 2766 essent,
1570 2690 1965 2773 stipendium
2006 2690 2087 2753 de
2131 2712 2251 2773 pu·

143 2769 313 2833 blico
359 2768 622 2831 statuit:
683 2768 1056 2854 virginitate
1099 2768 1372 2855 aliisque
1415 2771 1805 2835 ceremoniis
1846 2772 2253 2837 venerabiles

143 2872 212 2912 ac
253 2862 508 2913 sanctas
560 2849 1063 2916 fecit-kaalios
1114 2852 1275 2915 item
1318 2847 1664 2915 duodecim
1705 2854 1899 2915 Marti
1966 2854 2253 2915 Gradivo

145 2928 765 3014 legit‚‘tunicaeque
808 2929 1024 3013 pictae
1065 2930 1323 3017 insigne
1368 2929 1581 3008 dedit,
1626 2948 1931 3016 et.su1›er
1972 2936 2257 2997 tunicam

144 3030 421 3074 aeneum
509 3012 722 3075 ectori
763 3024 1101 3095 tegumen:
1147 3014 1589 3099 coelestiaque
1632 3036 1825 3089 arma,
1872 3036 2036 3099 quae
2080 3014 2255 3077 anbi-

144 3092 224 3153 lia
267 3033 725 3175 adpell'antum
783 3092 998 3168 ferre,
1055 3114 1129 3159 ac
1180 3116 1305 3177 per
1344 3092 1583 3157 Urbem
1626 3096 1724 3157 ire
1751 3108 2074 3157 ·canentes
2117 3116 2257 3158 car-

141 3174 318 3235 mina
376 3194 526 3235 eum
585 3170 896 3259 tri-midiis
967 3175 1399 3269 sollemnique
1473 3176 1701 3239 saltatu
1764 3174 1977 3256 jussit.
2074 3178 2257 3239 Pon-

143 3334 362 3409 tribus
422 3334 623 3419 legit,
692 3334 886 3421 eique
927 3346 1112 3398 saera
1154 3334 1373 3401 omnia
1412 3337 1736 3419 exscripta
1798 3338 2259 3422 exsignataque

145 3414 498 3493 adtribuit3
545 3416 782 3502 quihus
823 3416 1080 3491 hostiis,
1123 3416 1359 3501 quibus
1396 3416 1651 3492 diebus,
1696 3418 1777 3481 ad
1815 3440 1977 3503 quae
2022 3418 2259 3501 templa

145 3516 334 3559 sacra
397 3494 668 3569 fierent,
731 3512 920 3583 atque
975 3495 1148 3559 unde
1209 3496 1281 3557 in
1324 3519 1437 3562 eos
1479 3512 1722 3579 sumtus
1765 3499 2041 3580 pecunia
2075 3520 2259 3570 ,8,ιό-

147 3590 435 3658 garetur.
522 3577 755 3640 Cetera
799 3576 1058 3662 quoque
1103 3579 1317 3643 omnia
1360 3580 1621 3662 publica
1664 3580 2041 3663 privataque
2082 3602 2259 3661 sacra

145 3656 496 3721 Pontificis
553 3659 738 3721 scitis
797 3658 1112 3753 subjecit:
1173 3674 1246 3725 ut
1284 3674 1481 3735 esset,
1530 3682 1657 3745 quo
1716 3663 2079 3724 consultum
2120 3662 2261 3755 ple-

147 3738 268 3801 bes
337 3738 632 3816 veniret3
693 3760 780 3800 ne
825 3738 982 3823 quid
1041 3738 1249 3802 d1v1n1
1291 3742 1499 3823 juris,
1558 3740 1953 3825 negligendo
2002 3748 2265 3823 ‘patrios

147 3818 355 3893 ritus,
415 3819 1436 3913 peregrinosque-adsciscendo,
1498 3822 1889 3897 turbaretur.
1932 3826 2069 3883 Nec
2112 3842 2261 3883 eoe-
2352 3854 2361 3862 ·

53 3908 62 3937 ⁸
155 3900 354 3961 lestes
395 3898 588 3960 modo
633 3920 1071 3971 ceremoniae,
1137 3902 1252 3966 sed
1272 3900 1435 3982 justa
1482 3924 1738 3988 quoque
1778 3902 2079 3965 funebria
2126 3902 2263 3983 pla-

156 3976 524 4063 candosque
567 3986 828 4061 Manes,
889 3992 956 4043 ut
991 3981 1173 4044 idem
1215 3983 1523 4045 Pontifex
1567 3985 1911 4057 edoceret3
1968 4002 2265 4065 quaeque

1763 4070 1873 4129 2⁸¹

143 1178 255 1241 que
308 1157 600 1220 omnium
651 1154 960 1235 primum,
1032 1152 1134 1225 ad,
1167 1173 1424 1215 cursum
1476 1157 1701 1231 lunae,
1775 1154 1846 1219 in
1898 1152 2244 1219 duodecim
2322 1155 2328 1161 ’

143 3254 388 3316 tilicem
431 3253 674 3317 deinde
717 3258 984 3319 Numam
1043 3261 1389 3330 Marcium,
1454 3256 1658 3319 Marci
1700 3255 1934 3331 filium,
2012 3278 2091 3319 ex
2134 3225 2273 3320 Pa*l
2322 3304 2331 3309 -

2390 1984 2405 2011 N

2260 3134 2480 3277 afim·

2314 3246 2325 3257 ›

2354 3264 2361 3275 ι
