2534 4309
531 151 939 222 Lissa
1028 150 1113 219 11.
1230 150 1482 219 Car.
1577 114 1883 219 brssbz.
2130 169 2226 237 99

138 353 347 403 natum
388 338 469 401 ad
515 338 677 421 Spei
720 339 803 403 sit
843 358 1051 423 aequo
1090 340 1326 413 Marte,
1383 338 1616 403 iterum
1655 338 1736 403 ad
1773 351 2022 421 portam
2071 335 2220 400 cot-

136 420 356 483 linam.
440 419 541 484 Ibi
584 440 955 514 quamquam
996 440 1192 501 parvo
1230 433 1555 483 momento
1601 422 1902 502 superior
1939 422 2225 483 Romana

140 522 245 563 res
284 500 436 573 fuit,
480 503 820 562 meliorem
856 514 1067 563 tamen
1106 499 1412 574 militem,
1457 515 1725 582 recepto
1764 500 2044 583 pristino
2087 500 2226 561 ani-

136 602 281 653 mo,
359 582 427 641 in
467 579 681 643 futura
718 580 971 663 proelia
1009 578 1076 642 id
1128 596 1454 643 certamen
1503 580 1682 645 fecit.
1762 584 1840 645 A,
1883 580 2228 665 Virginius

138 675 206 724 et
246 663 361 743 Sp.
388 661 710 723 Servilius
750 660 1045 723 consules
1084 658 1263 722 fiunt.
1304 676 1452 742 post
1489 680 1716 743 accep·
1863 673 1936 733 U.
1971 694 2019 733 ο.
2063 678 2182 746 278.

137 754 265 803 tam
302 739 660 824 proximam
683 760 937 823 pugnae
979 740 1221 803 cladem
1236 741 1541 821 Veientes
1565 740 1710 803 ahs·
1858 760 1909 801 α.
1961 744 2028 803 Ο.
2065 754 2186 812 476.
2218 812 2222 817 .

140 823 401 885 tinuere
444 821 605 884 acie.
666 821 1115 904 populationes
1158 834 1374 895 erant,
1419 832 1485 885 et
1523 824 1700 887 velut
1739 821 1817 883 ab
1857 842 2008 887 arce
2048 823 2228 887 sani-

142 902 274 965 culi
316 903 557 985 passim
600 901 671 963 in
710 903 1065 963 Romanum
1104 922 1326 985 agrum
1367 902 1622 987 inpetus
1653 901 1904 965 dabant.
1946 923 2078 965 non
2120 924 2228 969 us·

140 1004 333 1067 quam
393 1003 633 1065 pecora
689 995 852 1057 tuta,
934 1002 1069 1061 non
1123 995 1412 1064 agrestes
1468 996 1669 1047 erant.
1751 982 1938 1064 Capti
1992 982 2234 1047 deinde

143 1064 371 1125 eadem
435 1076 571 1125 arte
634 1076 815 1135 sunt,
878 1082 997 1145 qua
1058 1076 1364 1145 ceperant
1403 1062 1660 1126 Fabios.
1753 1062 1979 1125 Secuti.
2013 1064 2234 1127 dedita

144 1164 349 1226 opera
388 1142 633 1225 passim
672 1142 752 1205 ad
790 1140 1152 1205 inlecebras
1195 1144 1504 1227 propulsa
1539 1164 1802 1226 pecora,
1845 1144 2234 1226 praecipita·

144 1243 303 1286 vere
344 1224 415 1283 in
458 1221 751 1285 insidias.
795 1243 921 1305 quo
972 1223 1195 1304 plures
1249 1238 1467 1299 erant,
1537 1222 1744 1305 major
1800 1223 2038 1287 caedes
2085 1222 2231 1293 suit,

146 1306 243 1366 Ex
284 1302 408 1365 hac
448 1304 628 1365 clade
668 1314 851 1365 atrox
888 1300 983 1364 ira
1022 1300 1284 1383 majoris
1324 1304 1547 1369 cladis.
1583 1324 1804 1368 caussa
1859 1318 2047 1398 atque
2107 1303 2236 1367 ini-

146 1386 309 1447 tium
348 1382 495 1445 suit.
539 1382 807 1463 trajecto
848 1382 1021 1443 enim
1062 1395 1253 1447 nocte
1271 1382 1520 1457 Tiberi,
1563 1400 1764 1447 castra
1787 1384 2052 1447 Servilii
2078 1404 2235 1448 con-

145 1465 311 1527 sulis
353 1463 567 1525 adorti
610 1476 759 1527 sunt
797 1461 1193 1545 obpugnare.
1260 1462 1417 1527 inde
1469 1464 1598 1526 susi
1648 1484 1873 1547 magna
1925 1466 2122 1527 caede
2164 1463 2238 1529 in

142 1546 515 1608 ,Ianiculum
554 1564 627 1607 se
668 1561 862 1627 aegre
901 1563 1235 1626 recepere.
1318 1544 1678 1608 Confestim
1719 1543 1944 1607 consul
1985 1558 2051 1608 et
2093 1547 2238 1627 ipse

144 1625 379 1688 transit
420 1622 742 1695 Tiberim,
786 1634 989 1685 castra
1029 1625 1145 1686 sub
1184 1624 1478 1687 Janiculo
1536 1623 1906 1687 communit.
1968 1638 2240 1707 postero

148 1704 278 1779 (lie,
324 1706 472 1767 luce
513 1716 672 1777 orta,
712 1702 1011 1766 nonnihil
1052 1716 1119 1767 et
1152 1703 1458 1767 hesterna
1495 1702 1804 1768 felicitate
1844 1725 2096 1788 pugnae
2136 1706 2237 1768 se·

147 1807 291 1860 rox,
332 1784 541 1867 magis
580 1798 833 1855 tamen,
908 1784 1080 1867 quod
1137 1784 1360 1867 inopia
1406 1783 1752 1859 frumenti,
1875 1784 2116 1851 uamvis
2168 1786 2240 1849 in

150 1865 567 1949 praecipitia„
603 1862 750 1927 dum·
789 1862 1110 1926 celeriora
1132 1877 1373 1939 essent,
1416 1864 1645 1949 agebat
1657 1864 1842 1928 consi
1869 1866 1948 1939 ia,
1991 1878 2242 1929 temere

150 1948 429 2011 adverso
454 1942 752 2007 ‚Ianiculo
792 1941 873 2006 ad
910 1958 1114 2008 castra
1152 1946 1434 2009 hostium
1459 1945 1664 2007 aciem
1683 1946 1910 2018 erexit,
1937 1944 2255 2009 ·foedius-‘

150 2047 279 2111 que
317 2022 475 2087 inde
518 2026 762 2107 pulsus,
806 2022 990 2107 quam
1030 2025 1247 2107 pridie
1287 2024 1646 2109 pepulerat,
1691 2023 2062 2089 interventu
2103 2026 2242 2089 col-

151 2110 341 2205 legae
398 2106 544 2187 ipse
600 2103 1049 2189 exercitusque
1104 2105 1243 2186 ejus
1298 2118 1400 2169 est
1465 2120 1772 2169 servatus.
1855 2109 2033 2169 Inter
2083 2103 2241 2171 duas

152 2210 327 2253 acies
366 2184 667 2259 Etrusci,
746 2204 939 2268 quum
992 2186 1061 2247 in
1111 2185 1320 2251 vicem
1357 2185 1463 2248 his
1503 2200 1691 2269 atque
1735 2184 1865 2247 illis
1905 2199 2088 2271 terga
2129 2184 2242 2247 ‹la-

154 2284 323 2344 rent,
365 2264 711 2331 occidione
753 2264 974 2330 occisi.
1057 2266 1169 2338 Ita,
1200 2264 1586 2350 obpressum
1636 2266 1999 2329 temeritate
2059 2266 2242 2331 felici

150 2349 402 2431 Veiens
446 2346 771 2407 belluna&
994 2387 1003 2393 -

314 2429 455 2490 LII.
536 2424 697 2489 Urbi
734 2444 877 2489 cum
915 2446 1077 2509 pace
1117 2425 1329 2488 laxior
1369 2423 1560 2489 etiam
1602 2444 1854 2488 annona
1892 2422 2121 2500 rediit,
2177 2438 2246 2489 et

132 2510 425 2573 -advecto
468 2527 547 2569 ex
586 2492 923 2602 Campa'nia
968 2508 1316 2581 frumento,
1377 2519 1463 2579 et,
1502 2518 1840 2590 postquam
1877 2504 2075 2568 timor
2113 2504 2244 2569 sibi

152 2591 259 2655 cui
312 2608 393 2651 ue
437 2586 699 2649 futurae‘
730 2586 989 2668 inopiae
1028 2586 1223 2661 abiit,
1276 2606 1388 2661 eo,
1445 2584 1620 2669 quod
1676 2584 1958 2647 abditum
2009 2586 2242 2660 fuerat,

154 2693 277 2755 pro
306 2684 435 2732 ato.
516 2668 847 2749 Ex=copia
886 2664 1125 2731 deinde
1167 2666 1303 2729 otio
1396 2688 1432 2730 e
1472 2666 1774 2731 lascivire
1836 2686 2064 2731 rursus
2099 2666 2242 2727 eni-

154 2750 277 2829 mi3
326 2762 395 2813 et
436 2748 709 2830 pristina
734 2747 932 2820 mala,
974 2763 1310 2831 postquam
1357 2747 1491 2814 oris
1519 2748 1803 2819 deerant,
1847 2746 2022 2809 domi
2091 2767 2243 2815 uae,-

153 2850 329 2894 rere.
386 2828 637 2891 tribuni
689 2826 945 2923 plebem
986 2828 1225 2911 agitare
1269 2848 1385 2892 suo
1432 2845 1678 2892 veneno
1697 2870 1715 2901 ‚
1769 2825 2014 2909 agraria
2085 2849 2119 2890 e
2167 2847 2241 2905 eg

150 2911 223 2976 in
262 2912 655 2973 resistentes
696 2907 969 2971 incitare
1009 2913 1273 2982 Patres,
1335 2927 1456 2973 nec
1523 2908 1591 2970 in
1649 2906 1990 2971 universos
2027 2928 2132 2983 mo
2177 2927 2239 2983 o,

150 2990 270 3055 sed
312 2992 384 3051 in
427 2988 737 3071 singulos.
885 3038 900 3051 .
944 2986 1290 3053 Considius
1330 3003 1395 3051 et
1435 2992 1512 3050 Τ.
1558 2984 1904 3059 Genucius,
1948 3002 2243 3050 auctores

151 3070 449 3156 agrariae
489 3069 689 3152 leg-is,
750 3072 825 3130 T.
904 3070 1174 3133 lenenio
1228 3068 1403 3133 diem
1445 3068 1682 3132 dicunt.
1777 3065 2062 3130 Invidiae
2106 3080 2245 3131 erat

150 3152 463 3215 amissum
504 3152 845 3213 Cremerae
886 3148 1300 3234 praesidium,
1387 3171 1539 3212 uum
1575 3144 1742 3211 haud
1802 3148 2030 3230 procul
2088 3145 2242 3211 intle
2335 3214 2341 3220 ,

152 3234 387 3297 stativa
431 3229 653 3292 consul
697 3226 1045 3326 babuisset.
1128 3232 1292 3292 Eum
1336 3249 1375 3291 o
1422 3236 1824 3327 presserunt.
1859 3308 1874 3323 .
1907 3228 2245 3371 ng—ndt

150 3316 387 3377 Patres
429 3308 600 3373 haud
636 3330 867 3387 minus,
912 3332 1098 3397 quam
1138 3330 1261 3393 pro
1303 3311 1671 3383 Coriolan03
1727 3306 1807 3369 ad
1854 3329 1940 3371 isi
1995 3330 2098 3371 ess
2189 3321 2237 3384 t,

152 3408 217 3457 et
258 3415 369 3491 pa-
414 3387 838 3473 ⁸s.Agrippae
882 3393 1065 3454 favor
1100 3388 1270 3452 haud
1312 3388 1458 3453 dum
1499 3385 1602 3455 εἴ
1647 3410 1682 3452 e
1730 3411 1751 3450 1
1905 3409 1923 3467 3
1967 3387 2041 3449 in
2075 3386 2239 3451 mul·
2353 3404 2362 3415 ·

146 3488 213 3537 ta
257 3486 323 3537 te
442 3492 477 3533 e
630 3484 702 3532 ut
744 3471 1019 3551 tribuni3
1082 3492 1277 3554 quum
1319 3470 1548 3555 capitis
1591 3494 1620 3533 a
1757 3492 1840 3532 isi
1912 3482 2047 3542 ent,
2111 3470 2241 3533 duo

144 3554 357 3617 millia
398 3551 569 3615 ae'ris
613 3550 900 3616 damnato
940 3554 1198 3615 multam
1242 3550 1558 3615 dixerunt.
1625 3570 1698 3613 ea
1758 3547 1826 3612 in
1868 3562 2057 3633 caput
2094 3568 2242 3611 ver-
2351 3609 2356 3617 ,

144 3637 247 3701 tit.
349 3637 451 3696 Ne
498 3644 607 3695 ant
662 3642 691 3695 t
758 3634 889 3697 isse
929 3632 1344 3717 ignominiam
1399 3654 1470 3697 ae
1553 3630 2025 3715 itudinemquez
2085 3626 2240 3693 inde

146 3715 389 3781 morbo
428 3654 587 3776 alam
722 3791 735 3809 ο
830 3732 996 3777 esse.
1079 3714 1265 3778 Alius
1307 3652 1552 3776 deinffg
1585 3734 1735 3775 reus
1755 3712 1874 3795 Sp.
1899 3709 2236 3787 Sei-vilius,

144 3810 219 3861 ut
256 3796 597 3861 consulatu
636 3794 824 3869 abiit,
858 3836 871 3847 -
906 3790 977 3857 C.
1017 3794 1250 3857 Nautio
1306 3806 1373 3856 et
1421 3796 1499 3856 P.
1539 3792 1734 3857 Vale·
1879 3800 1954 3864 U.
1991 3821 2040 3862 ο.
2080 3821 2140 3869 ²7
2181 3839 2230 3858 .-

146 3878 251 3942 rio
312 3873 717 3949 consulibus,
800 3871 991 3938 initio
1032 3876 1243 3939 statim
1283 3872 1436 3938 anni
1456 3918 1473 3951 ,
1531 3872 1610 3935 ab
1650 3875 1728 3939 L·
1885 3889 1940 3933 ι.
1976 3872 2038 3929 C.
2079 3820 2198 3941 472.

148 3956 461 4024 Caedicio
510 3967 581 4021 et
635 3956 713 4019 Τ.
756 3952 962 4019 Statio
1012 3956 1290 4023 tribunis
1333 3952 1440 4020 die
1480 3951 1870 4082 dietmpon,
1907 3966 1982 4014 ut
2015 3952 2238 4013 Mene-

1619 4056 1655 4119 7
2282 4073 2288 4078 .

2221 3932 2228 3942 ι

810 4140 825 4179 ε
936 4112 943 4117 ,
