2534 4309
308 162 435 237 164
638 161 1042 227 Lis-tn
1138 156 1269 225 ΠΙ.
1369 154 1630 221 en.
1734 144 2100 227 61..65..

276 345 542 429 fiseo-itis
559 343 656 420 “’)·.·
700 340 767 404 hi
804 352 933 403 tum
972 342 1063 409 uti
1084 382 1105 411 ,
1147 360 1288 419 quos
1325 338 1438 399 sibi
1473 340 1722 417 collegas
1755 339 2136 416 cooptassint,
2202 349 2268 398 ιιι
2309 338 2400 397 illi

295 426 548 506 legitimi
584 426 789 486 eadem
826 424 949 501 lege
986 421 1210 481 tribum·
1246 417 1431 498 plebei
1463 419 1599 490 sint,
1645 428 1710 478 ut
1749 418 1856 488 illi,
1896 437 2035 491 quos
2059 418 2242 479 hodie
2282 419 2398 478 tri·-

296 510 477 569 bunos
515 504 702 587 plebei
719 502 1003 581 feceritis.
1086 500 1363 569 Duilius,
1410 520 1603 581 quum
1643 498 1724 560 ad
1761 496 2050 558 ultimum
2081 517 2393 579 perseve-

294 599 539 659 rasset,
582 582 877 665 negando
920 578 1292 663 quindecim
1331 580 1622 642 tribunos
1709 576 1886 639 lebei
1927 577 2398 661 rempublicam

294 668 537 729 habere
628 683 795 737 osse,
838 661 1005 725 victa
1046 659 1439 741 collegarum
1479 658 1628 739 cupi
1676 670 1849 731 itate,
1891 658 2141 739 pariter
2179 658 2394 720 Patri·

293 746 415 811 bus
458 745 565 827 ple
616 744 765 828 ique
807 754 1129 821 acceptus,
1171 739 1541 821 magistratu
1581 738 1758 799 abiit.

334 840 409 898 U.
446 858 496 899 c.
534 840 652 905 3⁰7·
926 821 1126 883 va.
1206 818 1374 881 Novi
1415 818 1660 880 tribuni
1677 816 1890 899 plebis
1913 815 1981 877 in
2015 816 2396 897 cooptandis

334 928 387 968 ι.
426 908 495 967 C.
534 906 655 969 445.
804 898 1075 985 collegis
1106 903 1368 962 Patrum
1386 899 1778 961 voluntatem
1801 896 2124 959 foverunt.
2206 898 2396 959 Duos

298 984 492 1048 etiam
532 980 843 1067 patricios
889 980 1389 1063 consularesque
1411 1020 1427 1052 ,
1491 982 1604 1059 Sp.
1649 977 1996 1061 Tarpeium
2037 990 2104 1038 et
2141 978 2393 1039 A.Ate-

188 1108 200 1120 κ
296 1066 488 1137 rium,
534 1076 944 1145 coeptavere.
1026 1058 1340 1122 Consules
1383 1058 1612 1128 creati,
1658 1060 1806 1118 Lar.
1848 1057 2224 1119 Herminius
2253 1100 2271 1131 ,
2315 1060 2394 1117 Τ.

296 1144 636 1227 Virginius
694 1140 1209 1204 Caelimontanus
1232 1182 1248 1213 ,
1331 1137 1490 1198 nihil
1553 1156 1944 1224 magnopere
1999 1136 2081 1197 ad
2131 1141 2398 1198 Patrum

298 1239 408 1289 aut
445 1222 659 1306 plebis
702 1240 985 1283 caussam
1020 1218 1332 1293 inclinati,
1377 1217 1576 1279 otium
1603 1214 1874 1277 dominc
1895 1216 2058 1281 soris
2083 1214 2394 1278 habuere.

298 1310 376 1368 L.
420 1302 787 1365 Trebonius
830 1300 1122 1362 tribunus
1164 1296 1402 1380 plebis,
1465 1296 1736 1360 infestus
1790 1296 2090 1358 Patribus
2113 1338 2132 1370 ,
2223 1296 2400 1381 quod

298 1406 373 1449 se
415 1385 493 1446 ab
536 1383 622 1446 iis
666 1381 735 1442 in
772 1378 1154 1461 cooptandis
1194 1378 1473 1441 tribunis
1498 1375 1724 1439 fraude
1749 1390 2021 1459 captum,
2063 1376 2400 1459 proditum

298 1488 335 1527 a
378 1462 668 1545 collegis,
710 1458 941 1539 aiebat,
984 1458 1386 1541 rogationem
1425 1457 1593 1531 tulit,
1639 1466 1703 1516 ut
1757 1458 1860 1535 qui
1907 1458 2130 1535 plebem
2167 1457 2400 1515 Roma-

300 1564 441 1604 nam
481 1544 741 1603 tribunos
777 1538 931 1619 plebi
944 1536 1047 1614 ἥ)
1088 1546 1355 1616 rogaret,
1399 1536 1449 1597 ἰε
1485 1555 1658 1616 usque
1693 1556 1761 1597 eo
1801 1546 2052 1614 rogaret,
2095 1538 2244 1595 dum
2271 1539 2402 1595 dc-

298 1642 427 1683 eem
446 1622 705 1682 tribunos
719 1618 875 1699 plebi
896 1615 1038 1713 Ὗ)
1062 1619 1333 1693 faceret,-
1374 1616 1890 1699 insectandisque
1911 1614 2233 1691 Patribus,
2277 1636 2400 1677 un-

186 1736 201 1749 ι
286 1702 385 1787 ⁸de
424 1704 681 1783 Aspero
723 1698 913 1760 etiam
956 1696 1227 1759 mditum
1272 1710 1372 1757 est
1411 1714 1792 1778 cognomen,
1835 1696 2225 1771 tribunatum
2249 1718 2402 1779 ges-

334 1786 411 1852 υ,
453 1813 499 1851 0,
542 1794 661 1853 303,
822 1778 932 1841 sit.
1026 1774 1183 1838 Inde
1242 1780 1334 1838 Μ.
1400 1778 1499 1837 Ge
1546 1776 1724 1837 anius
1784 1776 2150 1837 Macerinus
2216 1792 2282 1839 et
2323 1778 2399 1837 C.

342 1876 395 1921 α.
432 1862 497 1922 C.
536 1871 656 1924 444.
818 1857 1062 1931 Julius,
1148 1856 1446 1919 consules
1489 1855 1678 1933 acti,
1743 1855 2058 1917 coitiones
2098 1855 2397 1919 tribuno-

301 1960 485 2015 rum,
542 1937 849 2001 adversus
902 1936 1217 1999 nobilium
1258 1934 1651 2015 juventutem
1692 1949 1882 2011 ortas,
1927 1934 2072 1997 sine
2113 1935 2396 1997 insecta-

303 2019 483 2081 tione
522 2016 861 2099 potestatis
902 2016 1041 2080 e‘us
1062 2061 1081 2091 ,
1148 2028 1522 2081 conservata
1561 2013 1892 2094 majestate
1933 2014 2191 2077 Pa'trum
2218 2059 2234 2090 ,
2293 2036 2399 2077 se-

306 2099 563 2162 davere.
606 2095 889 2179 plebem,
979 2109 1195 2159 ecreto
1236 2093 1318 2156 ad
1356 2093 1594 2157 bellum
1633 2095 2020 2158 Volscorum
2058 2091 2399 2180 etAequo-

304 2198 447 2239 rum
488 2176 765 2251 delectu,
809 2176 1187 2240 sustinendo
1228 2194 1388 2247 rem,
1453 2174 1532 2235 ab
1573 2172 2002 2237 seditionibus
2055 2176 2398 2239 continue—

303 2278 379 2320 re
395 2258 427 2335 ς’
458 2257 703 2319 urbano
746 2274 1005 2353 quoque
1047 2256 1181 2318 otio
1222 2254 1390 2317 foris
1432 2254 1644 2315 omnia
1697 2254 2036 2338 tranquilla
2097 2274 2243 2317 esse
2283 2256 2396 2318 ad-

306 2336 652 2409 firmantes,
698 2356 819 2418 per
859 2334 1217 2399 discordias
1258 2333 1486 2396 civiles
1530 2346 1833 2396 externos
1877 2334 2104 2417 tollere
2123 2336 2395 2399 animos.

305 2420 473 2481 Cura
584 2416 716 2480 acis
778 2415 1162 2478 concordiae
1228 2428 1498 2498 quoque·
1544 2414 1889 2477 intestinae
1959 2435 2176 2495 caussa
2247 2415 2398 2479 suit.

308 2496 443 2563 Sed
498 2518 531 2557 a
558 2510 663 2558 ter
712 2514 977 2589 ‘semper
1036 2494 1199 2557 ordo
1257 2494 1472 2587 gravis
1523 2492 1787 2555 alterius
1825 2492 2176 2557 modestiae
2230 2512 2398 2557 erat.

310 2576 673 2663 quiescenti
712 2572 891 2669 plebi
931 2574 1010 2637 ab
1050 2573 1416 2655 junioribus
1431 2576 1692 2635 Patrum
1729 2572 2001 2654 injuriae
2037 2572 2182 2637 fieri
2195 2594 2400 2657 coep-

306 2670 430 2719 tae.
513 2655 627 2717 ubi
668 2654 912 2716 tribuni
954 2654 1191 2719 auxilio
1230 2651 1682 2715 humilioribus
1721 2668 1938 2717 essent
1957 2698 1974 2731 ,
2058 2654 2126 2716 in
2165 2654 2401 2737 primis

308 2756 533 2819 parum
572 2732 908 2817 proderatz
970 2730 1208 2797 deinde
1246 2753 1336 2795 ne
1373 2733 1504 2815 ipsi
1543 2731 1804 2817 quidem
1861 2734 2148 2799 inviolati
2189 2752 2398 2811 erant,

306 2816 531 2900 utique
571 2813 920 2898 postremis
978 2812 1338 2887 mensibus,
1407 2834 1600 2896 quum
1657 2827 1722 2875 et
1761 2824 1882 2895 per
1921 2814 2236 2877 coitiones
2275 2838 2402 2899 po-

306 2896 655 2960 tentiorum
720 2891 954 2973 injuria
1020 2891 1245 2967 fieret,
1285 2904 1388 2954 ‘et
1452 2893 1550 2957 vis
1621 2895 1956 2975 potestatis
2015 2895 2222 2957 omnis
2277 2899 2402 2959 ali-

314 2988 552 3060 quanto
614 2974 975 3057 posteriore
1046 2972 1198 3033 anni
1251 2985 1436 3054 parte
1505 2972 1864 3057 languidior
1919 2974 2126 3036 ferme
2183 2992 2360 3039 esset
2379 2998 2400 3040 t

308 3052 791 3193 iamque'plebs
829 3053 918 3114 ita
959 3052 1027 3113 in
1068 3052 1396 3114 tribunatu
1432 3072 1684 3135 ponere
1725 3054 1966 3139 aliquid
2007 3055 2170 3136 spei,
2217 3057 2272 3119 si
2306 3058 2400 3118 si-

311 3134 499 3197 miles
512 3133 603 3194 Ici
632 3132 699 3195 io
716 3133 1011 3196 tribunos
1022 3129 1327 3195 haberet:
1369 3132 1626 3195 nomina
1643 3132 1818 3213 m)
1837 3148 2077 3196 tantum
2103 3156 2176 3197 se
2206 3135 2400 3199 bien-

314 3213 427 3277 nio
466 3212 787 3274 habuisse.
870 3213 1177 3275 Seniores
1217 3224 1440 3273 contra
1479 3216 1756 3287 Pati-um,
1799 3229 1873 3276 nt
1909 3214 2098 3275 nimis
2139 3215 2401 3280 seroces

315 3290 777 3356 snos-credere
832 3289 1103 3373 juvenes
1180 3311 1367 3370 esse3
1455 3292 1542 3353 ita
1595 3294 1813 3369 malle,
1896 3295 1955 3355 si
2005 3294 2230 3356 modus
2283 3318 2400 3359 ex-

314 3370 639 3443 cedendus
680 3386 871 3445 esset,
914 3374 1068 3445 suis,
1112 3392 1299 3455 quam
1313 3370 1720 3449 adversariis,
1765 3394 2108 3455 superesse
2127 3376 2400 3441 animos.

316 3450 478 3514 adeo
518 3450 871 3515 moderatio
914 3452 1181 3515 tuendae
1223 3452 1561 3527 libertatis,
1606 3452 1754 3515 dum
1793 3455 2056 3539 aequari
2095 3456 2266 3518 velle
2309 3458 2402 3519 si-

304 3530 615 3591 'mulando
658 3530 745 3591 ita
784 3549 857 3593 se
898 3532 1167 3617 quisque
1210 3532 1481 3606 extollit,
1563 3546 1633 3596 ut
1673 3532 1994 3615 deprimat
2029 3535 2242 3611 alium,
2327 3539 2404 3599 in

319 3608 573 3673 difficili
614 3625 749 3672 est:
810 3610 1220 3701 cavendoque
1260 3632 1346 3673 ne
1397 3626 1680 3675 metuant
1733 3614 2064 3691 homines,
2105 3630 2402 3679 metuen-

381 3777 443 3845 ὓ)
476 3782 525 3827 es·
554 3779 1157 3851 quamtum—secorius
1192 3777 1364 3834 Gron.
1383 3780 1536 3837 (ζων.
1603 3782 1694 3847 ⁸¹⁸)
1722 3780 2058 3853 plebeia-ev.
2093 3788 2218 3845 ¹⁶¹)
2233 3786 2410 3857 plebes·

490 3844 663 3903 Gron.
700 3846 854 3903 Crsv.
924 3846 1069 3911 Μ’)
1105 3852 1306 3899 mentm
1339 3846 1486 3905 aad.
1527 3876 1535 3881 -
1565 3907 1574 3929 ἱ

1493 3939 1748 4005 λ..
