2534 4309
332 193 475 272 ,¹080
693 194 1299 298 LissssX.
1398 187 2055 279 Gamla-38.

253 423 256 428 -
334 383 551 448 fusum
589 381 1028 466 fugatumque,
1069 379 1353 444 saucium
1393 377 1609 467 ipsum
1647 389 1789 444 cum'
1828 369 2051 463 paucis
2090 381 2447 446 Luceriam
2494 385 2496 410 ³

335 465 767 546 compulsum:
839 461 919 523 ab
973 461 1180 524 Atilio
1193 485 1200 517 ·.
1233 463 1304 523 in
1362 463 1625 524 Etruria
1675 483 1785 525 res
1843 475 2095 546 gestas,
2160 483 2444 548 eumque
2484 449 2497 474 ¹

307 543 785 627 triumphasse.
877 541 1110 604 Fabius
1132 585 1148 615 ‚
1212 543 1398 605 ambo
1434 545 1500 620 ¹'‘)
1566 544 1863 606 consules
1918 543 1987 603 in
2046 545 2319 607 Samnio
2378 559 2447 606 et

333 627 418 688 ad
444 625 784 688 Luceriam
826 643 934 685 res
979 622 1281 706 gessisse,
1327 621 1573 698 scribit,
1619 621 1975 686 traductum
2025 645 2107 686 ue
2152 626 2223 686 in
2246 629 2445 688 Etru-

331 707 496 768 riam
539 705 908 776 exercitum,
956 700 1104 778 (sed
1145 704 1230 764 ab'
1265 719 1414 767 utro
1456 705 1725 766 consule
1764 725 1895 767 non
1938 727 1971 766 a
2020 704 2208 784 jecit)
2256 722 2325 770 et
2364 706 2445 766 ad

335 787 679 848 Luceriam
721 785 1042 867 utrimque
1081 783 1315 846 multos
1361 777 1649 847 occisos:
1692 785 1910 874 ¹inque
1952 807 2027 846 ea
2067 807 2295 868 pugna
2331 789 2444 848 Jo-

329 869 442 930 tvis
486 865 754 930 Statoris
797 865 1040 926 aedem‘
1065 879 1297 940 votam,
1341 878 1412 926 ut
1450 865 1758 942 Romulus
1790 879 1947 928 'ante
1989 881 2280 939 voverat,
2327 865 2447 930 sed

337 948 559 1010 fanum
597 958 874 1018 tantum,
919 943 1020 1022 (id
1061 959 1162 1009 est
1200 947 1398 1007 locus*
1422 945 1666 1029 templo
1708 943 1904 1008 effatu
1943 943 2259 1022 sacratus)
2300 945 2447 1008 fue-

333 1027 576 1104 rat**).
641 1029 965 1098 Ceterum,
1009 1024 1134 1087 hoc
1175 1025 1427 1087 demum
1468 1044 1637 1087 anno
1677 1027 2010 1089 ut'aedem
2052 1027 2249 1088 etiam
2286 1025 2447 1088 fieri
2491 1041 2493 1044 ’

339 1123 598 1174 senatus
634 1105 907 1186 juberet,
949 1105 1052 1167 bis
1081 1103 1370 1187 ejusdem
1408 1108 1549 1172 voti
1589 1105 1874 1170 damnata
1902 1107 2243 1190 republica
2270 1105 2445 1184 Μ),

339 1189 414 1251 in
453 1187 839 1272 religionem
879 1185 1078 1252 venit.
1462 1219 1473 1227 -
1596 1239 1621 1278 ι

377 1281 453 1342 υ,
492 1303 540 1340 0,
557 1311 565 1320 .
582 1281 644 1344 45
683 1319 701 1339 ,
969 1265 1319 1332 xxxvm.
1381 1265 1684 1352 Sequitur
1712 1265 1883 1332 bunc
1914 1275 2147 1332 annum
2184 1279 2257 1332 et
2286 1287 2448 1331 con-

341 1379 346 1390 ·
379 1369 432 1410 a.
470 1351 534 1409 C.
575 1300 694 1422 293.
846 1348 946 1408 sul
986 1347 1259 1429 insignis
1300 1349 1379 1412 L.
1403 1349 1705 1430 Papirius
1746 1353 2009 1423 Cursor,
2055 1371 2179 1433 qua
2216 1363 2446 1431 pater-

333 1451 416 1492 na
459 1429 663 1514 gloria
683 1470 700 1501 ‚
746 1439 872 1510 qua
908 1450 1052 1504 sua,
1097 1441 1162 1490 et
1201 1427 1443 1506 bellum
1484 1429 1714 1513 ingens
1756 1430 2189 1514 victoriaque,
2236 1451 2445 1512 quan-

337 1525 468 1574 tam
508 1509 588 1571 de
622 1508 1006 1570 Samnitibus
1047 1529 1237 1570 nemo
1281 1507 1361 1568 ad
1402 1531 1541 1572 eam
1584 1509 2078 1592 diem,.praeter
2116 1513 2195 1572 L.
2236 1509 2443 1590 Papi-

336 1590 510 1657 rium
546 1602 794 1672 patrem
835 1589 1137 1664 consulis,
1231 1603 1566 1672 epereratt
1613 1605 1676 1652 et
1714 1591 1889 1654 forte
1932 1589 2167 1653 eodem
2207 1603 2447 1653 conatu

342 1670 774 1754 adparatuque
829 1671 1003 1730 omni
1059 1690 1190 1750 opu
1218 1671 1389 1732 entia
1432 1671 1782 1753 insignium
1834 1685 2159 1732 armorum
2196 1671 2443 1733 bellum

340 1751 844 1814 adornaverant:
907 1763 973 1812 et
1011 1751 1303 1812 Deorum
1356 1751 1545 1812 ctiam
1587 1751 2010 1812 adhibuerant
2051 1771 2245 1833 opes.
2311 1752 2441 1811 ritu
2494 1747 2496 1808 1

342 1831 614 1918 quodam
657 1830 1037 1906 sacramenti
1077 1845 1331 1892 vetusto
1359 1823 1839 1914 velut⁸initiatis
1861 1832 2199 1906 militibus,
2218 1829 2439 1892 delec-

339 1927 416 1976 tu
442 1931 583 1994 per.
605 1932 792 1972 omne
813 1910 1134 1972 Samnium
1163 1909 1387 1973 habito
1418 1933 1583 1974 nova
1619 1913 1805 1994 lege:
1849 1926 1939 1984 ut,
1986 1913 2097 2007 qui
2116 1911 2441 1990 iuniorum

340 2015 476 2055 non
502 1975 930 2068 convenisset
949 1990 1031 2052 ad
1053 1992 1537 2073 imperatorium
1563 1990 1859 2067 edictum,
1904 2013 2147 2076 quique
2186 1989 2441 2071 injussu

342 2073 619 2146 abisset,
681 2083 868 2154 caput
908 2071 1056 2135 Jovi
1097 2085 1409 2144 sacratum
1452 2087 1646 2134 esset·
1728 2076 1892 2134 Tum
1933 2073 2257 2134 exercitus
2302 2093 2437 2132 om·
2484 2097 2497 2158 4

341 2155 448 2216 nis
491 2153 904 2234 Aquiloniam
957 2166 1057 2214 est
1095 2151 1393 2214 indictus.
1453 2151 1533 2213 ad
1576 2151 1990 2237 quadraginta
2030 2152 2229 2214 millia
2268 2152 2439 2213 mili-

271 2240 282 2249 ’
345 2249 518 2306 tum,
567 2231 757 2318 ⁴quod
817 2231 1076 2295 roboris
1131 2234 1198 2292 in
1257 2235 1517 2296 Samnio
1560 2247 1733 2306 erat,
1777 2243 2262 2296 'convenerunt
2348 2231 2439 2292 Ibi

343 2313 577 2378 mediis
618 2313 760 2374 fere
802 2315 1030 2376 castris
1087 2313 1265 2375 locus
1307 2327 1406 2374 est
1447 2328 1792 2396 conseptus
1846 2314 2129 2376 cratibus
2170 2313 2441 2396 pluteis-

306 2407 472 2478 ‘que
485 2435 506 2465 ,
549 2405 616 2454 et
654 2393 872 2454 linteis
917 2407 1266 2468 contectus,
1360 2409 1541 2456 atens
1587 2392 1895 2457 ducentos
1926 2394 2196 2455 maxime
2238 2391 2439 2475 pedes

345 2477 418 2538 in
459 2473 681 2536 omnes
723 2474 972 2555 pariter
1010 2487 1250 2556 partes.
1293 2477 1320 2534 Ι
1367 2475 1390 2534 i
1434 2495 1515 2536 ex
1558 2474 1731 2537 libro
1764 2489 1987 2538 vetere
2020 2474 2235 2548 ,linteo
2278 2474 2442 2541 lecto

347 2553 770 2630 sacrificatum
795 2597 812 2629 ,
877 2553 1212 2616 sacerdote
1272 2555 1443 2630 Ovio
1506 2555 1731 2630 Pactio
1792 2555 2102 2640 quodam,
2180 2553 2447 2616 homine
2491 2554 2497 2649 1

281 2635 287 2642 ’
347 2656 576 2718 magno
618 2648 808 2707 natu,
865 2634 975 2718 qui
1015 2643 1086 2696 ‘se
1131 2633 1199 2694 id
1236 2655 1489 2696 sacrum
1527 2649 1756 2718 petere
1799 2633 2173 2698 adfirmabat
2212 2655 2295 2696 ex
2334 2653 2443 2696 re-

345 2731 516 2781 tusta
575 2715 954 2777 Samnitium
1013 2713 1369 2798 religione3
1451 2735 1571 2798 qua
1634 2715 1951 2802 quondam
2007 2716 2111 2776 usi
2164 2713 2444 2794 majores
2495 2773 2496 2788 ἶ

349 2817 577 2860 eorum
615 2794 930 2870 fuissent,
987 2817 1178 2879 quum
1220 2795 1598 2858 adimendae
1638 2789 1931 2876 Etruscis
1974 2798 2059 2860 Ca
2104 2816 2229 2856 uae
2272 2796 2441 2856 clan-

309 2877 672 2940 ‘destinum
729 2877 1057 2957 cepissent
1099 2876 1458 2938 consilium.
1539 2875 1877 2938 Sacrificio
1928 2897 2051 2958 per
2082 2890 2263 2948 ecto,
2322 2891 2439 2954 per

351 2959 665 3023 viatorem
689 2955 1038 3038 imperator
1079 2956 1285 3017 adciri
1316 2955 1575 3036 jubebat
1615 2957 2090 3018 nobilissimum
2128 2973 2443 3038 quemque

351 3059 596 3124 genere
655 3036 987 3120 factisque.
1061 3037 1301 3119 singuli
1370 3037 1957 3100 introducebantur.
2039 3041 2199 3100 Erat
2254 3055 2447 3117 quum
2495 3053 2496 3094 ᾗ

282 3158 289 3164 -
351 3121 514 3182 alius
561 3115 895 3198 adparatus
940 3117 1137 3190 sacri,
1201 3116 1314 3199 qui
1346 3117 1748 3200 'perfundere
1791 3117 2115 3200 religione
2174 3117 2451 3180 aninmm

349 3212 579 3285 posset
600 3219 618 3276 3
663 3212 796 3259 tum
839 3198 908 3257 in
948 3199 1095 3263 loco
1137 3197 1530 3266 circa,omni
1570 3211 1869 3260 contecto
1909 3219 2056 3261 arae
2100 3199 2171 3258 in
2210 3195 2449 3262 medio,

348 3281 662 3344 >victime
717 3297 788 3349 *e
834 3278 1004 3342 circa
1047 3299 1312 3352 caesae,
1374 3293 1439 3340 et
1494 3278 1975 3341 circumstantes
2034 3277 2449 3342 centuriones

355 3360 601 3424 strictis
647 3299 898 3440 ffldiis.
982 3358 1455 3421 Admovebatur
1509 3359 1815 3420 altaribus
1854 3359 2077 3432 miles,
2140 3358 2343 3440 magis
2382 3367 2453 3414 ut

357 3441 653 3515 victima,
701 3461 888 3522 quam
927 3453 996 3501 ut
1035 3439 1201 3501 sacri
1245 3439 1609 3522 particeps:
1665 3439 2175 3523 adigebaturque
2212 3434 2453 3519 jureju-

320 3521 588 3594 'rando‚
635 3539 794 3601 quae
834 3519 972 3582 visa
1003 3517 1343 3604 auditaque
1386 3519 1454 3580 in
1484 3535 1589 3583 eo·
1608 3521 1752 3582 loco
1794 3533 2033 3592 essent,
2076 3539 2209 3581 non
2252 3537 2451 3580 enuu-
2495 3551 2496 3556 κ

327 3600 719 3686 ‘tiaturum.·
767 3601 942 3662 Dein
981 3599 1195 3681 jurare
1233 3600 1585 3684 cogebatur
1644 3599 1789 3662 diro
1830 3598 2109 3683 quodam
2150 3600 2447 3666 carmine,

357 3680 438 3740 in
469 3679 976 3741 exsecrationem
1005 3679 1236 3763 capitis
1263 3680 1674 3764 familiaeque
1718 3695 1785 3743 et
1807 3679 2031 3763 stirpis
2072 3678 2446 3762 composito,
2495 3755 2496 3762 ἵ

360 3889 369 3896 .
431 3844 496 3912 1*)
529 3845 702 3897 ambos
735 3831 904 3902 Gron.
923 3847 1074 3902 Crev,
1146 3851 1233 3917 *ἢ
1270 3849 1347 3903 sic
1378 3849 1480 3923 leg.
1509 3851 1669 3906 Heus.
1710 3837 1801 3902 sed
1812 3853 2009 3920 finum
2043 3861 2257 3910 tanturn,
2291 3849 2443 3907 Iocus,
2495 3813 2496 3820 ἵ

541 3913 728 3980 templo
763 3911 974 3982 ffnus,
1045 3933 1277 3970 sacratus
1295 3923 1503 3986 suerat.
1608 3921 1730 3985 θ’)
1762 3919 2046 3991 republica
2076 3918 2277 3971 omisso*
2300 3933 2449 3970 com·

541 3991 680 4032 mate
713 3977 882 4040 Grcn.
921 3985 1077 4043 (ζων.
1114 4004 1165 4044 c.
1201 3987 1371 4048 Drak.
1870 4008 1891 4032 Ι
