2534 4309
465 166 878 234 Lista
975 126 1449 237 ΒΓΕ-ΑΡ.
1548 138 1859 250 5960.)
2056 187 2187 233 an

100 353 295 427 bius‚·
415 350 502 415 o‘d
539 350 812 416 maxime
849 350 1230 435 petebatur,
1288 348 1370 414 ad
1422 352 1645 415 Anxur
1702 352 2197 441 obpugnandum

105 432 254 495 sine
297 456 340 495 u
369 434 426 493 la
467 434 881 516 populatione
923 434 1214 495 accessit.
1312 436 1540 495 Anxur
1576 434 1699 496 fuit
1721 479 1739 509 ‚
1824 460 1985 523 quae
2027 460 2196 503 nunc

103 514 498 575 Tarracinae
539 520 716 587 suun
761 512 914 575 urbs
957 534 1162 597 prona
1205 514 1273 573 in
1312 512 1598 607 paludes.
1643 514 1838 593 ab„ea
1866 532 2049 601 parte
2068 524 2192 583 Fa-

95 594 254 655 bius
295 593 842 677 obpugnationem
881 594 1190 657 ostendit,
1266 594 1757 658 Cui-cummissae
1784 614 2051 679 quatuor
2078 622 2189 665 co-

101 673 332 736 hortes
394 694 536 737 cum
589 676 659 737 C.
729 673 1014 737 Servilio
1063 671 1273 737 Ahala
1327 692 1518 757 quum
1581 674 1993 741 inminentem
2042 683 2193 745 urbi

103 755 342 817 collem
378 754 738 837 cepissent:
785 770 873 815 ex
905 754 1050 817 loco
1091 754 1343 829 altiore,
1386 776 1511 838 qua
1549 756 1792 817 nullum
1833 771 1969 821 erat
2000 782 2190 841 prae..

102 834 366 908 sidium,
411 834 658 917 ingenti
703 835 980 896 clamore
1023 850 1098 897 ac
1137 836 1413 897 tumultu
1454 835 1707 897 moenia
1747 838 2067 901 invasere.
2108 842 2191 907 ad

101 934 301 998 quem
338 916 670 977 tumultum
723 913 1187 997 obstupefacti,
1304 915 1369 977 ui
1428 916 1733 979 adversus
1772 918 2041 981 Fabium
2080 944 2189 983 ur-

95 994 256 1057 bem
294 992 574 1056 infimam
616 994 974 1069 tuebantur,
1016 994 1226 1057 locum
1312 994 1507 1057 edere
1528 998 1737 1059 'scalas
1786 998 2187 1077 admovendi3

98 1076 426 1158 plenaque
465 1072 744 1143 hostium
783 1087 1008 1137 cuncta
1049 1089 1252 1149 erant,
1299 1086 1365 1139 et
1401 1076 1641 1139 inmitis
1672 1076 1739 1155 *3
1794 1078 1905 1143 diu
1958 1082 2191 1145 caedes

97 1154 354 1237 pariter
395 1154 780 1237 fugientium
821 1176 894 1217 ac
935 1155 1377 1219 resistentium
1406 1171 1789 1221 armatorum
1803 1173 1865 1221 at
1912 1180 1993 1221 ue
2014 1162 2191 1228 iner-
2256 1190 2263 1201 ·

101 1236 306 1297 mium
357 1234 500 1297 suit.
596 1235 1008 1319 Cogebantur
1061 1235 1299 1320 itaque·
1333 1234 1524 1308 victi,
1599 1238 1749 1321 quia
1814 1259 1885 1301 ce
1936 1242 2189 1305 entibus

97 1315 251 1399 spei
291 1314 459 1378 nihil
497 1328 658 1388 erat,
700 1334 977 1399 pugnam
1015 1315 1220 1378 inire:
1302 1338 1495 1412 quum
1545 1320 2023 1399 pronuntiatum
2080 1344 2188 1386 re·-

95 1408 324 1479 pente‚
367 1416 452 1457 ne
491 1396 634 1479 quis
675 1408 935 1478 praeter
973 1410 1255 1459 armatos
1288 1397 1665 1471 violaretur,
1709 1400 2019 1485 reliquam
2052 1424 2191 1481 om..

95 1497 252 1537 nem
291 1474 764 1539 multitudinem
803 1477 1228 1539 voluntariam
1267 1478 1719 1542 exuit.armis=
1791 1502 2065 1564 quorum
2104 1485 2189 1546 ad

97 1556 230 1619 duo
274 1556 472 1618 millia
515 1568 582 1618 et
622 1557 959 1640 quingenti
995 1556 1134 1621 vivi
1155 1558 1531 1641 capiuntur.
1587 1580 1625 1620 a
1682 1574 1893 1623 cetera
1946 1564 2189 1643 praeda
2290 1592 2299 1601 ·

97 1636 343 1699 Fabius
383 1637 652 1699 militem
694 1636 1004 1699 abstinuit
1025 1681 1042 1712 ,
1105 1637 1317 1701 donec
1350 1639 1655 1722 -collegae
1713 1642 2045 1707 venirent:
2103 1644 2185 1709 ab

99 1718 236 1779 illis
290 1736 546 1801 quoque
600 1716 988 1779 exercitibus
1049 1729 1303 1800 captum
1366 1720 1588 1781 Anxur
1656 1720 1951 1783 dictitans
2016 1742 2184 1801 esse,

95 1800 212 1883 qui
284 1811 542 1861 ceteros
607 1796 880 1863 Volscos
921 1818 956 1859 a
1006 1798 1335 1893 praesidio
1398 1796 1535 1880 ejus
1586 1800 1713 1863 loci
1776 1802 2185 1867 avertissent.

99 1879 232 1974 Qui
275 1874 388 1941 ubi
429 1891 782 1951 venerunt,
869 1872 1178 1960 oppidum
1229 1892 1485 1944 vetere„
1508 1880 1765 1943 fortuna
1818 1884 2187 1965 opulentum

99 1977 238 2022 tres
279 1956 599 2019 exercitus
641 1956 770 2018 diri
815 1978 996 2019 uere.⁴
1041 1978 1242 2043 eaque
1328 1959 1558 2021 rimum
1596 1958 1956 2045 benignitas
1980 1962 2185 2047 impe-

96 2054 382 2103 ratorum
439 2037 700 2121 plebem
809 2037 1052 2100 utribus
1103 1981 1494 2105 concii’iavit.
1584 2041 1886 2115 Additum
1949 2042 2195 2109 deinde

97 2119 383 2185 omnium
425 2117 696 2179 maxime
739 2118 1118 2200 tempestivo
1173 2119 1541 2202 principum
1594 2121 1663 2181 in
1716 2123 2187 2191 multitudinem

97 2214 366 2263 munere
387 2239 406 2271 ‚
479 2204 578 2260 ut'
603 2209 748 2261 ante
787 2200 1176 2261 mentionem
1215 2200 1408 2263 ullam
1444 2200 1654 2283 plebis
1696 2202 2184 2281 tribunorumve

100 2282 492 2345 decerneret
530 2292 820 2353 senatus,
883 2290 954 2340 ut
991 2279 1383 2361 stipendium
1425 2281 1611 2345 miles
1652 2280 1731 2345 de
1771 2284 2033 2365 publico
2076 2308 2182 2349 ac·-

99 2363 390 2447 ciperet‚
463 2379 654 2442 quum
709 2372 858 2423 ante
917 2358 984 2419 in
1039 2373 1289 2443 tempus
1336 2360 1418 2423 de
1458 2382 1574 2425 suo
1619 2362 1887 2447 quisque
1929 2365 2185 2431 functus

99 2464 180 2506 eo
223 2458 492 2503 munere
533 2449 728 2501 esset«
1358 2476 1367 2485 ,
1896 2446 1958 2485 ⁸

171 2530 210 2585 .“
254 2522 396 2583 Lx.
475 2519 653 2581 Nihil
693 2530 1022 2602 acceptum
1060 2538 1355 2607 umquam
1393 2544 1428 2583 a
1469 2521 1661 2605 plebe
1721 2536 1895 2586 tanto
1950 2524 2183 2607 gaudio

95 2599 396 2663 traditur.
437 2599 828 2662 Concursum
870 2600 1086 2683 itaque
1107 2602 1186 2663 ad
1229 2601 1469 2664 curiam
1510 2622 1689 2677 esses
1717 2619 2181 2691 prensatasque

101 2679 470 2745 exeuntium
507 2700 762 2754 manus,
831 2691 896 2742 et
934 2683 1164 2743 Patres
1203 2702 1363 2745 vere
1405 2681 1759 2764 adpellatos
1775 2704 1793 2761 3
1882 2683 2183 2749 effectum

97 2782 244 2825 esse
283 2758 655 2833 fatentibus,
699 2773 768 2822 ut
806 2779 994 2823 nemo
1034 2782 1159 2844 pro
1197 2776 1324 2824 tam
1364 2762 1659 2825 munifica
1698 2764 1927 2845 patria,
1972 2765 2181 2830 donec

95 2840 446 2926 quidquam
484 2839 720 2903 virium
759 2856 1168 2923 superesset,
1247 2842 1512 2924 corpori
1561 2856 1667 2905 aut
1728 2845 2021 2927 sanguini
2062 2868 2179 2910 suo

97 2933 422 3003 parceret.
518 2920 731 3019 Quum
781 2920 1194 2983 commoditas
1234 2918 1517 3002 juvaret,
1603 2944 1743 2985 rem
1798 2922 2179 2988 familiarem

97 3002 324 3064 saltem
368 2999 788 3085 adquiescere
831 3020 910 3062 eo
967 3013 1297 3084 tempore,
1379 3024 1508 3088 quo
1567 3024 1802 3086 corpus
1859 3004 2181 3069 addictum

95 3097 153 3145 at
201 3102 286 3144 ue
329 3095 663 3163 operatum
703 3079 1098 3163 reipublicae
1139 3095 1341 3155 esset,
1396 3096 1565 3158 tum,
1626 3084 1797 3167 quod
1836 3086 2005 3147 ultro
2048 3087 2179 3148 sibi

95 3162 178 3225 ob
203 3174 378 3225 atum
419 3174 612 3235 esset,
655 3180 790 3222 non
845 3182 882 3221 a
923 3160 1196 3223 tribunis
1235 3161 1449 3244 plebis
1510 3184 1803 3258 umquam
1855 3168 2173 3249 agitatum,

97 3264 226 3307 non
265 3240 402 3305 suis
447 3239 847 3303 sermonibus
887 3238 1327 3325 efflagitatum,
1370 3242 1440 3304 id
1480 3242 1807 3307 efficiebat
1842 3246 2179 3329 multiplex
2266 3286 2279 3301 κ

97 3322 395 3405 gaudium
435 3320 1043 3404 cumulatioremque
1083 3322 1353 3405 gratiam
1394 3324 1516 3385 rei.
1598 3323 1874 3385 Tribuni
1937 3326 2175 3407 plebis,

97 3401 452 3467 communis
494 3400 787 3463 ordinum
831 3401 1110 3485 laetitiae
1153 3402 1663 3487 concordiaeque
1706 3404 1833 3465 soli
1852 3420 2175 3487 expertes,

93 3502 336 3569 negare
359 3526 376 3555 ‚
464 3482 612 3541 Tam
665 3480 736 3541 id
783 3482 1000 3541 lustum
1052 3482 1325 3543 Patribus
1378 3484 1653 3547 universus»=
1690 3504 1796 3547 nec
1833 3506 2177 3565 prosperum

90 3568 236 3637 sore,
275 3584 463 3642 quam
496 3562 611 3641 ipsi
643 3562 964 3623 crederent.
1007 3564 1315 3623 consiliam
1351 3564 1535 3642 specie
1570 3566 1765 3644 prima
1790 3566 1990 3625 melius
2008 3568 2183 3644 suis·-

94 3664 148 3707 oe
161 3686 184 3716 ‚
225 3664 406 3725 quam
447 3662 553 3701 usu
590 3641 1024 3719 adpareat-um.
1115 3644 1284 3704 Unde
1322 3643 1480 3703 enim
1516 3666 1647 3705 eam
1684 3645 1991 3725 pecuniam
2030 3666 2179 3707 con-

81 3724 194 3793 fici
227 3744 412 3803 posse,
453 3722 570 3782 nisi
607 3720 824 3781 tributo
863 3724 1078 3803 populo
1121 3721 1389 3784 indicto?
1460 3746 1535 3785 ea:
1590 3726 1781 3785 alieno
1822 3726 2011 3805 igitur
2046 3728 2179 3788 aliis

95 3805 352 3885 largitos.
395 3804 598 3880 notius,
641 3802 712 3863 id
748 3802 978 3865 etiamsi
993 3804 1188 3874 ,ceteri
1213 3806 1415 3883 ferant
1426 3844 1449 3877 ,
1502 3826 1770 3885 passuros
1808 3822 1901 3866 sos
1914 3846 1937 3878 ,
1978 3806 2180 3885 quibus

151 3966 208 4035 ⁴¹)
240 3972 296 4025 in
327 3972 488 4023 πιανῶ
535 3966 712 4030 Gran.
