2534 4309
505 53 564 124 L
611 73 636 122 1
689 73 728 166 a
779 73 818 118 Ε-
867 72 915 118 R
1013 51 1154 122 vll.
1257 53 1311 120 C
1362 34 1509 120 ΔῬ.
1575 0 1728 122 36.
1780 47 1909 140 ὅγε
2082 45 2217 140 5317

141 238 458 378 {er-iente
498 237 923 317 objecissent,
977 257 1098 320 pro
1139 255 1211 300 se
1247 237 1521 330 ,quisque
1564 235 1815 302 obviam
1870 233 2059 300 effusi
2099 238 2230 300 lau-

207 331 340 386 ant,
380 319 804 399 gratulantur,
859 318 1140 400 singulos
1183 324 1643 400 universosque
1683 330 2039 380 servatores
2082 339 2232 382 suos

143 409 432 460 vocantz
474 395 619 457 Diis
662 397 879 460 laudes
922 409 1260 480 gratesque
1299 408 1523 478 agunt,
1566 397 1837 466 Decium
1876 397 1944 456 in
1986 397 2234 460 coelum

143 477 406 556 ferunt.
484 477 610 538 Hic
649 477 839 540 Decii
879 477 1221 540 castrensis
1264 478 1456 538 trium
1501 475 1620 536 hus
1662 473 1820 545 fuit,
1874 474 2233 541 incedentis
2302 480 2309 488 ’

143 577 288 638 per
328 555 535 618 media
571 569 782 618 castra·
816 577 959 618 cum
981 568 1218 618 armato
1250 574 1465 638 praesi
1512 554 1597 626 io,
1636 552 1944 634 conjectis
1987 555 2053 616 in
2095 577 2238 618 eum

145 635 448 697 omnium
478 635 701 706 oculis,
744 650 806 700 et
835 635 1008 698 omni
1041 635 1286 696 honore
1322 633 1648 697 tribunum
1688 635 1936 697 consuli
1968 655 2239 719 aequan-

147 715 360 776 tibus.
425 715 548 776 Ubi
587 713 667 774 ad
703 715 1094 795 praetorium
1133 727 1391 778 ventum
1432 728 1547 785 est,
1590 715 1813 778 consul
1854 715 2118 777 classico
2160 713 2240 776 ad

143 793 546 856 concionem
585 807 926 858 convocat:
972 814 1285 875 orsusque
1326 793 1585 855 meritas
1627 795 1819 857 Decii
1863 792 2100 864 laudes,
2144 792 2240 852 in-

143 873 446 948 terfante
487 871 512 933 i
593 891 630 934 o
670 875 908 944 Decio,
951 872 1198 934 distulit
1240 873 1654 938 concionem:
1699 873 1807 956 qui
1850 885 2070 936 auctor
2108 893 2246 946 om-

143 954 270 1013 nia
311 972 431 1034 pos
585 951 766 1028 endi,
829 951 978 1014 dum
1018 952 1270 1014 occasio
1314 953 1384 1017 in
1424 953 1715 1014 manibus
1757 966 1966 1028 esset,
2006 971 2243 1034 perpu-

147 1033 236 1090 lit
283 1031 630 1106 consulem,
672 1044 744 1094 ut
772 1031 1014 1104 hostes,
1059 1043 1126 1090 et
1163 1044 1477 1094 nocturno
1560 1051 1753 1096 avore
1796 1033 2137 1106 adtonitos,
2180 1044 2247 1094 et

141 1111 338 1171 circa
380 1109 608 1172 collem
639 1109 1009 1172 castellatim
1039 1107 1198 1181 dissi
1244 1123 1403 1185 atos,
1444 1053 1927 1192 adgrederetur.
1973 1111 2243 1176 credere

145 1190 360 1252 etiam
399 1189 666 1270 aliquos,
709 1189 792 1250 ad
827 1209 899 1250 se
939 1207 1183 1269 sequen
1229 1209 1337 1250 um
1377 1188 1668 1264 emissos,
1709 1211 1831 1275 per
1870 1191 2097 1259 saltum
2135 1210 2244 1253 va-

141 1269 324 1351 gari.
408 1270 632 1330 Jussae
673 1267 962 1351 legiones
1000 1287 1170 1330 arma
1211 1288 1476 1350 capere:
1522 1289 1951 1354 egressaeque
1992 1268 2243 1342 casu-is,

145 1365 360 1430 quum
399 1365 522 1428 per
576 1348 1014 1429 exploratores
1053 1347 1270 1409 notior
1307 1345 1434 1428 jam
1472 1349 1666 1412 saltus
1718 1363 1927 1428 esset„
1989 1351 2095 1413 via
2132 1369 2247 1443 pa·
2317 1347 2321 1352 ’
2360 1428 2365 1439 1

145 1426 449 1488 tentiore
498 1425 580 1488 ad
634 1425 887 1488 hostem
927 1425 1258 1488 ducuntur.
1326 1447 1514 1509 quem
1556 1428 1875 1490 incautum
1914 1430 1982 1490 in
2027 1449 2245 1492 rouso

145 1507 447 1600 adortae,
493 1525 682 1588 quum
720 1503 915 1600 palati
951 1505 1188 1586 passim
1229 1506 1610 1568 Samnitium
1648 1508 1908 1582 milites,
1949 1529 1993 1590 p
2021 1507 2247 1590 erique
2283 1569 2289 1576 ,

149 1604 472 1660 mermes,
513 1607 635 1648 nec
677 1606 854 1648 coire
897 1606 965 1646 m
1007 1605 1236 1660 unum,
1304 1605 1425 1648 nec
1459 1607 1635 1648 arma
1676 1606 1931 1668 capere,
1976 1605 2099 1649 nec
2140 1606 2246 1647 re-

149 1666 389 1747 cipere
451 1663 618 1728 intra
668 1664 922 1735 vallum„
961 1683 1039 1724 se
1094 1678 1395 1745 possent,
1460 1677 1800 1746 paventem
1856 1666 2133 1761 primum
2176 1665 2247 1726 in
2296 1667 2307 1680 “

153 1759 373 1807 castra
411 1745 839 1826 compellunt=
884 1741 1116 1806 deinde
1157 1757 1359 1809 castra
1400 1743 1423 1804 i
1470 1765 1539 1805 sa
1561 1789 1579 1822 ,
1644 1744 1916 1806 turbatis
1958 1745 2247 1816 stationi—

149 1825 284 1886 bus
302 1867 319 1898 ,
383 1823 660 1905 capiunt.
741 1823 1078 1884 Pei-fertur
1118 1823 1289 1885 circa
1330 1843 1407 1886 co
1460 1844 1563 1884 em
1603 1824 1879 1886 clamor-z
1936 1823 2242 1918 fugatque

154 1926 246 1966 ex
290 1903 427 1964 suis
473 1922 788 1985 quemque
825 1900 1194 1985 praesidiis;
1239 1902 1325 1964 ita
1348 1923 1571 1985 magna
1596 1925 1743 1986 pars
1784 1904 2035 1967 absenti
2074 1903 2247 1965 hosti

155 1981 393 2046 cessit.
449 2001 607 2064 quos
649 1984 814 2043 intra
857 1982 1088 2044 vallum
1129 1994 1347 2066 egerat
1386 2003 1619 2063 pavor,
1664 1981 1877 2059 (fuere
1918 1997 2130 2046 autem
2168 1981 2248 2046 ad

153 2063 432 2146 triginta
473 2059 698 2140 millia)
742 2081 964 2141 omnes
1005 2063 1214 2137 eaesi3
1260 2074 1463 2122 castra
1508 2061 1776 2144 direpta.
2204 2093 2215 2116 ι

323 2141 648 2204 XXXVII.
731 2145 823 2204 Ita
866 2140 1058 2212 rebus
1094 2141 1315 2222 gestis,
1359 2141 1601 2216 consul,
1645 2140 1947 2206 advocata
1986 2141 2245 2204 concio·

153 2243 275 2296 ne,
321 2223 397 2282 P.
421 2220 611 2281 Decii
641 2241 771 2299 non
815 2233 1071 2300 coeptas
1096 2220 1305 2306 solum
1343 2233 1513 2294 ante,
1554 2220 1671 2281 sed
1697 2221 2039 2283 cumulatas
2082 2239 2249 2283 nova

151 2305 408 2370 virtute
458 2298 677 2362 laudes
731 2301 1021 2382 peragit:
1103 2312 1170 2360 et
1218 2312 1477 2382 praeter
1528 2299 1825 2362 militaria
1877 2299 1999 2361 alia
2060 2299 2256 2378 dona,-

152 2401 364 2446 aurea
416 2399 651 2442 corona
710 2399 856 2442 eum
904 2393 970 2442 et
1022 2392 1277 2441 centum
1329 2378 1535 2442 bubus
1576 2375 1643 2456 ²¹¹¹)
1701 2379 2064 2474 eximioque
2118 2398 2249 2440 uno

151 2463 316 2524 albo
360 2461 575 2556 opimo
614 2459 847 2520 auratis
882 2457 1207 2533 cornibus,
1253 2459 1466 2522 donat.
1509 2458 1773 2533 Milites,
1816 2459 1927 2540 qui
1960 2479 2028 2519 m
2063 2475 2252 2538 prae·

153 2537 342 2604 sidio
387 2539 578 2602 simul
614 2538 866 2600 fuerant
887 2582 904 2612 ‚
949 2537 1192 2620 duplici
1231 2538 1554 2609 frumento
1595 2539 1667 2599 in
1702 2551 2117 2620 perpetuum,
2180 2535 2253 2596 in

211 2617 538 2682 raesentia
579 2618 848 2702 siugulis
885 2615 1090 2679 bubus
1132 2615 1431 2700 binisque
1472 2618 1678 2714 privis
1734 2616 1970 2680 tunicis
2012 2615 2250 2679 donati.

158 2644 552 2764 {scandum
592 2696 870 2762 consulis
913 2696 1323 2760 donationem
1368 2697 1661 2781 legiones
1713 2696 2102 2780 gramineam
2142 2715 2252 2758 co-

159 2801 401 2844 ronam
425 2775 906 2852 obsidionalem,
949 2777 1226 2841 clamore
1272 2777 1509 2840 donum
1554 2777 1999 2872 adprobantes,
2041 2773 2251 2838 Decio

157 2859 238 2923 in
337 2870 516 2922 nunt.
559 2857 755 2920 altera
797 2876 1054 2932 corona,
1096 2855 1383 2950 ejusdem
1418 2855 1691 2922 honoris
1732 2855 1948 2930 index,
1992 2877 2028 2917 a
2064 2873 2252 2936 prae-

159 2941 230 3002 οἱ
279 2939 346 3002 io
387 2958 505 3000 suo
544 2935 822 3018 inposita
845 2950 983 3000 est.
1063 2939 1184 2998 His
1225 2935 1564 3000 decoratus
1606 2935 1978 3018 insignibus
2020 2934 2255 2998 bovem

161 3018 482 3082 eximium
517 3015 710 3080 Marti
749 3015 1118 3095 inmolavit}
1181 3029 1439 3080 centum
1474 3014 1675 3086 boves
1717 3013 2026 3076 militibus
2082 3012 2254 3075 dono

165 3097 392 3172 dedit,
439 3097 548 3193 qui
590 3103 809 3159 secum
863 3095 934 3160 in
972 3095 1383 3194 expeditione
1422 3093 1698 3160 fuerant.
1755 3093 1991 3158 iisdem
2030 3091 2254 3154 militi-

163 3179 296 3241 bus
337 3178 628 3260 legiones
667 3165 865 3238 libras
919 3173 1112 3240 farris
1153 3189 1217 3237 et
1257 3176 1570 3240 sextarios
1626 3173 1765 3240 vini
1806 3171 2253 3238 contulerunt:
2313 3202 2324 3213 =

163 3257 520 3340 omniaque
559 3275 634 3320 ea
674 3254 924 3340 ingenti
961 3255 1283 3322 alacritate
1334 3275 1457 3340 per
1497 3256 1839 3328 clamorem
1890 3251 2256 3326 militarem,

164 3337 461 3400 indicem
508 3333 794 3399 omnium
852 3335 1158 3400 adsensus
1175 3380 1192 3410 ,
1261 3335 1668 3418 gerebantur.
1770 3332 1990 3398 Tertia
2043 3353 2257 3416 pugna

163 3417 256 3480 ad
315 3412 683 3480 Suessulam
740 3416 1014 3480 comissa
1073 3429 1201 3495 est3
1314 3438 1395 3478 ua
1451 3413 1708 3498 fugatus
1768 3435 1805 3474 a
1846 3417 1937 3478 M.
1986 3409 2256 3478 Valerio

167 3497 558 3562 Samnitium
594 3495 912 3560 exercitus
935 3539 954 3572 ,
1013 3495 1187 3560 omni
1223 3517 1299 3558 ro
1346 3515 1461 3558 ore
1517 3492 1865 3576 juventutis
1908 3491 2103 3556 domo
2144 3489 2259 3555 ad-

169 3579 341 3651 cito‚
421 3575 770 3640 certamine
826 3576 1050 3638 ultimo
1095 3575 1421 3638 fortunam
1470 3573 1756 3657 experiri
1812 3572 2059 3638 statuit.
2154 3569 2257 3632 Ab

167 3656 482 3734 Suessula
529 3655 742 3720 nuntii
791 3653 1031 3740 trepidi
1067 3658 1375 3737 Capuam,
1434 3655 1589 3731 inde
1639 3652 1901 3741 equites
1950 3649 2153 3742 citati,
2174 3647 2256 3714 ad

239 3825 308 3898 ³)
341 3823 497 3880 boba
528 3834 583 3880 et
610 3823 690 3880 sie
720 3823 967 3897 deinceps
999 3821 1171 3940 ι(ἕκτοι).
1209 3821 1363 3882 Crev.
1472 3880 1483 3890 ‚
