2534 4309
313 142 409 228 98
629 181 635 191 -
700 146 757 213 L
804 166 825 213 1
876 165 915 214 s
968 166 1009 213 ιε
1056 165 1107 216 ιι
1180 148 1274 243 ΙΙΙ.
1376 146 1636 256 ῼᾎ).
1723 142 1840 211 50.
1895 141 2012 225 51..

319 330 511 395 modo
555 332 623 393 in
663 340 875 415 agros,
915 346 1025 396 aut
1061 330 1260 395 subiti
1302 332 1558 414 inpetus
1601 332 2084 407 incursantium,
2129 332 2248 395 sed
2291 333 2404 395 ali·

321 414 577 499 quoties
618 433 824 496 aequo
868 432 1097 495 campo
1134 412 1536 497 conlatisque
1578 413 1782 495 signis
1839 426 2168 475 certatum.
2213 434 2406 497 gens·

322 514 449 577 que
488 494 609 554 uita
650 492 878 577 populi
900 494 1194 571 Romani
1238 513 1433 575 saepe
1476 516 1552 556 ex
1598 493 2106 575 opulentissima,
2168 506 2239 557 ut
2277 509 2410 556 tum

302 595 429 643 ,res
473 588 693 644 erant,
766 577 1038 637 Etrusca
1092 574 1348 635 civitate
1401 575 1736 636 victoriam
1793 574 1958 635 tulit.
2065 572 2138 636 Id
2197 576 2408 655 primo

320 654 619 716 acerbum
662 650 1121 749 indignumque
1165 652 1548 731 Veientibus
1592 653 1816 717 visum.
1857 654 2012 715 inde
2069 655 2414 717 consilium

321 755 400 795 ex
444 742 517 795 re'
558 746 773 795 natum
816 734 1073 799 insidi1s
1114 732 1402 796 ferocem
1444 734 1694 797 hostem
1736 734 2071 817 captandi}
2130 736 2409 819 gaudere

320 813 534 889 etiam,
577 816 776 877 multo
818 834 1119 878 successu
1160 810 1382 877 Fabiis
1425 815 1742 876 audaciam
1787 835 2110 878 crescere.
2191 818 2454 899 Itaque·

320 908 385 957 et
427 914 663 975 pecora
707 894 1160 975 praedantibus
1205 895 1291 955 ali
1337 896 1568 969 notice,
1614 895 1788 956 velut
1823 914 1976 957 casu
2004 894 2408 969 incidissent,

318 975 571 1037 obviam
612 988 777 1037 aetat
823 988 887 1038 et
927 973 1276 1059 agrestium
1347 996 1468 1057 uga
1513 974 1668 1037 vasti
1711 974 1926 1037 relicti
1951 977 2125 1057 agri:
2160 990 2238 1044 ,et
2259 977 2414 1040 sub-

223 1106 226 1109 .
318 1052 482 1118 sidia
528 1070 937 1127 armatorum.
1001 1056 1079 1117 ad
1122 1057 1427 1117 arcendas
1469 1056 1921 1137 populationes
1964 1056 2197 1128 missa,
2271 1078 2411 1121 sae-

315 1136 464 1278 pius
508 1135 831 1201 simulate.
890 1156 1075 1219 quam
1114 1154 1310 1209 vero,
1373 1156 1614 1218 pavore
1658 1135 2412 1221 refugerunt-nudamque

376 1216 505 1277 abii
546 1216 707 1279 adeo
749 1228 1221 1281 contemserunt
1258 1212 1530 1287 hostem,
1576 1228 1644 1277 ut
1687 1238 1798 1279 sua
1841 1216 2078 1278 invicta
2107 1238 2278 1278 arma
2295 1236 2412 1279 ne-

321 1298 633 1383 que'loco
673 1316 885 1381 neque
926 1308 1218 1379 tempore
1260 1296 1393 1359 ullo
1436 1293 1785 1358 crederent
1824 1296 2134 1361 sustineri
2192 1319 2412 1379 posse.

315 1378 475 1439 haec
518 1396 667 1461 spes
712 1375 1051 1457 provexit,
1127 1376 1315 1438 ut'ad
1367 1388 1717 1457 conspecta
1757 1376 1988 1459 procul
2031 1400 2066 1437 s
2109 1377 2414 1440 Cremera

314 1477 547 1541 magno
592 1454 800 1539 campi
846 1454 1187 1519 intervallo
1228 1475 1464 1537 pecora
1507 1460 1535 1532 (
1585 1477 1913 1541 uamquam
1953 1476 2096 1518 rara
2133 1456 2416 1519 hostium

317 1536 709 1619 adpetebant
749 1536 950 1613 arma)
993 1536 1440 1604 decurrerent.
1547 1552 1605 1598 ..t
1646 1559 1837 1620 quum
1858 1535 2184 1617 inprovidi
2203 1534 2415 1600 effuso

317 1635 513 1679 eursu
554 1616 825 1680 insidias
866 1616 929 1679 ci
968 1639 1039 1681 ca
1083 1618 1294 1699 ipsum
1334 1616 1462 1679 iter
1501 1617 1738 1679 locatas
1781 1634 2236 1699 superassent,
2297 1639 2414 1700 pa-

317 1697 558 1781 latique
603 1696 841 1778 passim
881 1630 1065 1781 tulga,
1128 1711 1198 1759 ut
1237 1695 1312 1759 fit
1351 1717 1591 1779 pavore
1635 1696 1905 1778 injecto,
1949 1712 2258 1780 raperent
2295 1721 2413 1780 pe-

319 1799 513 1855 cora3
554 1777 770 1841 subito
814 1798 895 1841 ex
935 1770 1196 1841 insidiis
1238 1778 1669 1861 consurgitur,
1714 1791 1780 1839 et
1819 1774 2074 1841 adversi
2117 1792 2184 1840 et
2223 1777 2410 1841 undi-

319 1878 449 1941 que
488 1856 707 1921 hostes
752 1870 959 1922 erant.
1039 1858 1265 1923 Primo
1308 1859 1548 1921 clamor
1602 1856 2007 1921 circumlatus
2068 1860 2416 1933 exterruit,

318 1938 473 2003 dein
541 1939 669 2002 tela
728 1938 807 2001 ab
870 1937 1043 2002 omni
1121 1953 1306 2023 parte
1379 1935 1766 2001 accidebant.
1883 1936 2415 2021 coeuntibusque

318 2020 643 2093 Etruscis,
730 2016 857 2098 jam
915 2016 1275 2081 continenti
1328 2018 1582 2102 agmine
1624 2029 2005 2081 armatorum
2045 2015 2238 2101 septi,
2284 2040 2417 2102 quo

318 2099 522 2197 magis
565 2120 638 2163 se
679 2098 884 2163 hostis
928 2098 1272 2173 inserebat,
1315 2098 1716 2181 cogebantur*
1752 2097 2056 2161 breviore
2099 2097 2308 2180 spatio
2347 2114 2421 2161 et

201 2255 211 2261 ¹
262 2183 453 2277 gipsl
497 2180 722 2243 orbem
765 2175 1117 2261 conligere.
1164 2200 1330 2263 quae
1370 2200 1477 2241 res
1523 2192 1588 2241 et
1627 2178 2008 2261 paucitatem
2051 2200 2274 2243 eorum
2313 2178 2416 2241 in-

322 2282 611 2345 signem,
696 2273 759 2323 et
819 2258 1294 2322 multitudinem
1334 2262 1783 2332 Etruscorum,
1851 2260 2290 2342 multiplicatis
2345 2261 2418 2321 in

192 2346 463 2427 s,merto
508 2338 879 2414 ordinibus,
924 2340 1225 2403 faciebat.
1308 2342 1494 2413 Tum,
1537 2339 1776 2403 omissa
1815 2359 2050 2424 pugna,
2119 2362 2304 2425 quam
2343 2340 2420 2401 in

325 2444 548 2489 omnes
590 2438 810 2502 partes
848 2440 1071 2503 parem
1112 2418 1546 2494 intenderant,
1590 2420 1658 2481 in
1699 2440 1892 2481 unum
1933 2421 2144 2482 locum
2183 2440 2254 2481 se
2277 2441 2418 2483 om-

32 2514 37 2517 ·
71 2494 441 2567 ›Mo-’Num
483 2500 938 2565 inclinant-‘eo
980 2500 1108 2561 nisi
1151 2499 1534 2583 corporibus
1559 2498 1750 2562 armis
1843 2520 1902 2575 e,
1945 2519 2185 2582 rupere
2204 2521 2422 2569 cuneo

72 2576 163 2641 .⁸''
194 2638 243 2661 ,,,
323 2584 511 2645 viam.
593 2582 797 2643 Duxit
836 2579 935 2642 via
978 2578 1045 2641 in
1090 2581 1330 2645 editum
1370 2581 1609 2643 leniter
1663 2581 1916 2642 colem.
1995 2578 2146 2641 inde
2202 2580 2422 2663 primo

324 2662 647 2726 restitere.
691 2681 856 2733 mox,
902 2673 971 2722 ut
1011 2660 1380 2740 respirandi
1423 2659 1724 2741 superior
1764 2660 1942 2723 locus
1983 2660 2262 2743 spatium
2301 2660 2420 2723 de-

328 2742 465 2818 dit,
548 2740 1043 2825 recipiendique
1101 2762 1135 2803 a
1234 2761 1428 2804 avore
1469 2755 1644 2802 tanto
1701 2742 2016 2817 animum,
2101 2742 2421 2823 pepulere

328 2824 521 2887 etiam
559 2822 945 2885 subeuntes:
1016 2821 1204 2884 vince
1252 2834 1440 2905 atque
1499 2821 1740 2883 auxilio
1798 2820 1926 2883 loci
1987 2818 2300 2916 paucitas,
2347 2821 2421 2884 ni

326 2904 479 3001 jugo
536 2900 1010 2965 circummissus
1068 2900 1316 2977 Veiens
1371 2898 1442 2961 iu
1483 2901 1805 2985 ‘verticem
1857 2902 2046 2963 collis
2087 2901 2418 2965 evasisset.

329 3000 417 3048 tta
460 2984 761 3065 superior
803 3002 1024 3044 rursus
1064 2978 1274 3044 hostis
1318 2978 1544 3044 factus.
1627 2980 1818 3043 Fabii
1876 2981 2047 3045 caesi
2103 2982 2182 3042 ad
2221 3001 2426 3057 unum

174 3112 209 3133 ..
330 3086 582 3138 omnes,
620 3060 1139 3147 praesidiumque
1180 3074 1626 3145 expugnatum.
1672 3075 1997 3125 trecentos
2039 3082 2151 3123 sex
2212 3062 2426 3127 erisse

150 3232 189 3257 .-
271 3202 306 3243 ἡ,
332 3146 486 3239 satis
529 3140 867 3237 convenitt
939 3162 1135 3238 unum
1198 3163 1411 3237 prope
1471 3140 1780 3224 puberem
1839 3156 2044 3205 aetate
2089 3159 2173 3236 ’re
2199 3140 2422 3239 ictum²

0 3245 123 3304 μοι,
232 3232 604 3307 ἔ*ὀῑιι·Ρεηι
647 3238 824 3307 genti
866 3222 1140 3296 Fabiae,
1228 3220 1570 3306 dubusque
1629 3222 1821 3285 rebus
1880 3222 2106 3305 populi
2144 3224 2346 3285 Roma
2401 3244 2426 3290 ι

280 3338 289 3346 ·
333 3324 530 3387 saepe
575 3301 747 3367 domi
787 3302 1075 3387 bellique
1116 3303 1222 3367 vel
1261 3302 1600 3365 maximum
1644 3303 1924 3365 futurum
1965 3300 2287 3364 auxilium.

278 3446 290 3453 .
370 3462 377 3468 ¹
474 3388 601 3465 LI.
684 3384 896 3481 Quum
936 3382 1095 3447 haee
1134 3397 1395 3467 accepta
1431 3379 1649 3445 clades
1697 3394 1889 3457 esset,
1931 3382 2058 3463 jam
2099 3383 2168 3443 C.
2209 3383 2428 3445 Hora·-

148 3458 293 3517 ···‘
375 3478 447 3539 U,
493 3499 539 3533 e.
566 3497 684 3546 2⁷7·
848 3464 975 3525 tius
1020 3477 1084 3526 et
1124 3468 1201 3525 T.
1242 3462 1582 3527 Menenius
1625 3464 1928 3527 consules
1993 3475 2198 3526 erant.
2281 3466 2426 3523 Me-

186 3616 197 3622 ·
274 3568 285 3577 ·
375 3566 429 3606 a.
473 3548 541 3606 C.
592 3548 709 3616 475.
848 3544 1083 3607 nenius
1124 3536 1431 3608 adversus
1447 3544 1690 3607 Tuscos
1733 3542 2005 3607 victoria
2047 3543 2248 3605 elatos
2269 3562 2430 3604 con-

250 3608 297 3687 .⁹·
333 3622 556 3687 festim
592 3622 849 3686 missus.
933 3628 1093 3685 'rum
1136 3642 1392 3708 quoque
1433 3623 1596 3685 male
1638 3637 1984 3707 pugnatum
2023 3635 2150 3697 est,
2207 3635 2276 3685 et
2313 3624 2433 3685 Ja-

175 3706 184 3721 “
336 3706 621 3767 niculum
660 3703 877 3767 hostes
923 3722 1358 3786 occupavere:
1403 3704 1794 3787 obsessaque
1811 3702 1968 3767 urbs
1989 3700 2184 3778 foret,
2228 3720 2440 3785 super

336 3784 581 3851 bellum
602 3805 869 3847 annona
909 3797 1243 3867 premente
1262 3826 1280 3859 ,
1337 3783 1758 3863 (transierant
1797 3782 1972 3846 enim
2007 3781 2270 3846 Etrusci
2311 3784 2440 3845 Ti-

339 3864 577 3944 herim)
628 3862 698 3925 ni
749 3864 1053 3927 Horatius
1094 3864 1322 3929 consul
1381 3884 1463 3926 ex
1501 3864 1760 3926 Volscis
1820 3879 1993 3928 esset
2053 3874 2443 3929 revocatus:

343 3944 637 4034 adeoque
680 3944 749 4005 id
774 3946 1014 4012 bellum
1040 3943 1203 4028 ipsis
1244 3944 1486 4008 institit
1505 3944 1866 4017 moenibus,
1905 3962 1976 4010 ut
2011 3943 2226 4029 primo
2267 3964 2446 4031 pug-

0 2410 61 2439 ,40
