2534 4309
400 168 556 250 'L'1
607 196 647 249 a
697 197 741 248 ε
788 194 861 249 a.
964 178 1093 249 1110·
1192 174 1249 247 C
1297 194 1346 247 A
1393 193 1457 246 Ρ.
1552 166 1680 255 54,
1721 128 2196 287 &³³:155

1959 316 2034 339 κιο

88 363 499 459 virginiae,
536 378 829 429 auctores
872 361 1283 431 secessionis.
1345 374 1478 426 tum
1521 364 1594 427 C.
1637 360 1981 436 Sicinium,
2043 384 2206 449 pro-

90 465 357 527 geniem
398 466 559 525 ejus,
628 467 819 530 quem
860 446 1138 527 primum
1177 443 1508 505 tribunum
1546 444 1762 527 plebis
1805 456 2090 505 creatum
2130 445 2203 505 in
2239 508 2252 517 ,

91 546 283 587 sacro
338 539 593 600 monte,
662 525 991 607 proditum
1046 525 1394 587 memoriae
1437 536 1576 602 est3
1645 537 1712 586 et
1747 528 1836 586 M.
1889 525 2202 599 Duilium‚

94 606 209 688 qui
250 605 653 668 tribunatum
693 606 1016 689 insignem
1057 618 1204 667 ante
1249 604 1656 667 decemviros
1699 617 1950 671 creatos
1978 624 2207 667 <resse-

94 699 213 759 rat,
256 706 383 748 nec
424 686 493 746 in
538 685 1073 761 decemviralibus
1128 684 1586 748 certaminibus
1647 684 1830 767 plebi
1888 684 1968 745 de
2002 698 2202 748 uerat.

90 785 213 846 spe
257 764 494 827 deinde
532 766 735 849 magis
765 813 781 841 ,
826 788 1013 861 quam
1054 766 1323 839 meritis,
1370 766 1582 839 electi,
1627 770 1716 827 Μ.
1761 765 2063 839 Titinius,
2109 770 2204 832 M.
2297 776 2308 789 ”

93 846 517 926 Pomponius,
563 850 633 909 C.
675 850 1029 928 Apronius,
1072 850 1149 908 P.
1194 846 1453 921 Villius,
1501 849 1574 908 C.
1617 844 1900 939 Oppius.
1960 846 2206 907 Tribu-

94 940 247 988 natu
290 928 479 1002 inito,
524 930 597 989 L.
645 928 860 1017 Icilius
906 926 1231 1009 extemplo
1276 926 1535 1021 plebem
1577 940 1850 1009 rogavit,
1914 942 1979 988 et
2063 926 2207 987 leba
2305 948 2314 960 ’

92 1008 310 1079 scivit,
353 1028 439 1068 ne
481 1009 585 1069 cui
627 1008 837 1069 fraudi
884 1021 1056 1070 esset
1098 1027 1389 1069 secessio
1433 1007 1511 1068 ab
1569 1006 1958 1071 decemviris
2047 1020 2205 1068 acta.

94 1086 459 1151 Confestim
502 1087 583 1151 de
638 1088 1010 1150 consulibus
1067 1086 1365 1149 creandis
1420 1108 1564 1163 eum
1617 1090 2076 1171 provocatione
2116 1091 2206 1147 Μ.

94 1168 358 1230 Duilius
398 1170 803 1251 rogationem
842 1168 1126 1250 pertulit.
1182 1188 1259 1229 ea
1321 1168 1532 1229 omnia
1586 1168 1654 1227 in
1710 1166 1914 1249 pratis
1969 1166 2209 1229 Flami-

96 1250 226 1309 niis
273 1250 556 1311 concilio
597 1249 813 1332 plebis
854 1265 1023 1323 acta,
1091 1268 1282 1334 quem
1319 1268 1494 1335 nunc
1537 1248 1779 1313 circum
1819 1248 2220 1311 Flaminium·
2258 1314 2266 1327 ,

94 1327 449 1471 adpeiissit·
481 1412 614 1470 Per.
654 1405 1050 1491 interregem
1108 1407 1346 1469 deinde
1402 1408 1702 1471 consules
1847 1420 1922 1481 U.
1961 1442 2009 1482 c.
2049 1424 2166 1479 306.

95 1489 324 1563 creati,
370 1490 443 1550 L.
490 1489 820 1564 Valerius,
866 1493 951 1549 M.
998 1490 1306 1551 Horatius
1327 1508 1347 1567 ;
1435 1490 1544 1573 qui
1591 1508 1698 1551 ex·
1849 1507 1909 1551 ει.-
1940 1492 2005 1550 C.
2047 1492 2168 1555 446.

92 1570 343 1663 templo
402 1569 839 1652 magistratum
900 1582 1315 1653 occeperunt.
1361 1590 1632 1654 quorum
1673 1570 2212 1665 consulatus-po-

140 1650 343 1712 ulans
386 1651 529 1713 sine
590 1650 717 1710 ulla
773 1654 1031 1711 Patrum
1096 1649 1365 1727 injuria,
1441 1672 1564 1713 nee
1623 1650 1763 1713 sine
1823 1651 2210 1713 obfensione
2277 1648 2290 1669 ³

122 1730 241 1791 uit.
288 1728 821 1815 quidquid·enim
862 1730 1146 1793 libertati
1187 1730 1402 1813 plebis
1441 1744 1796 1806 caveretur,
1841 1730 1910 1791 id
1937 1732 2072 1795 suis
2098 1730 2211 1791 de-

96 1809 339 1871 cedere
384 1812 617 1892 opibus
661 1806 1029 1871 credebant.
1116 1810 1420 1873 Omnium
1465 1811 1782 1893 primum,
1839 1832 2032 1894 quum
2071 1811 2212 1875 vel-
2295 1834 2304 1849 ‘

98 1890 199 1952 uti
254 1890 325 1950 in
369 1906 793 1953 controverso
833 1889 983 1971 jure·
1020 1904 1228 1965 esset,
1275 1904 1738 1953 tenerenturne
1777 1894 2008 1953 Patres
2067 1892 2212 1974 ple·-

96 1970 377 2045 hiscine,
421 1970 635 2053 legem
678 1971 1053 2032 centuriatis
1098 1970 1378 2035 comitiis
1433 1971 1667 2045 tulere,
1736 1971 1842 2043 Ut,
1900 1972 2058 2049 quod
2101 1972 2216 2031 tri-

96 2052 289 2110 butim
329 2052 519 2129 plebes
546 2052 816 2127 jussisset,
856 2052 1137 2132 populum
1182 2062 1413 2111 teneret.
1461 2074 1583 2136 qua
1609 2053 1773 2133 ¹lege
1835 2050 2211 2113 tribuniciis

98 2130 549 2212 rogationibus
592 2131 789 2192 telum
830 2132 1213 2193 acerrimum
1256 2130 1470 2198 ,datum
1513 2145 1631 2193 est.
1677 2132 1927 2196 ,Aliam
1978 2130 2214 2194 deinde

98 2212 511 2273 consularem
554 2211 764 2292 legem
808 2210 887 2272 de
930 2211 1437 2293 provocatione,
1515 2213 1776 2275 unicum
1816 2212 2217 2295 praesidium

97 2292 447 2365 libertatis,
495 2290 909 2353 decemvirali
952 2305 1272 2371 potestate
1319 2312 1626 2364 eversam,
1688 2314 1823 2353 non
1865 2292 2218 2354 restituunt

94 2370 315 2444 mod0‚
360 2370 479 2435 sed
520 2370 709 2434 etiam
753 2372 823 2431 in·
862 2386 1191 2453 posterum
1232 2372 1549 2447 muniunt,
1595 2372 1942 2435 sanciendo
1985 2394 2218 2437 novam

104 2454 345 2535 legem,
392 2453 491 2512 Ne
530 2452 656 2531 quis
698 2452 879 2511 ullum
918 2454 1328 2533 magistratum
1365 2453 1490 2512 sine
1526 2455 1938 2534 provocatione
1970 2463 2212 2514 crearet.

98 2538 204 2613 qui
240 2544 517 2604 creasset,
578 2552 709 2593 eum
737 2535 838 2609 jus
856 2535 1068 2609 ‚fasque
1110 2543 1247 2592 esset
1285 2532 1482 2593 occ-idi
1499 2559 1515 2591 .·
1587 2555 1726 2593 neve
1766 2555 1834 2606 aa
1872 2536 2074 2594 caedes
2111 2554 2218 2593 ca-

99 2614 303 2695 pitalis
339 2634 531 2673 noxae
572 2614 895 2685 haberetur.
981 2617 1069 2673 Et
1126 2635 1322 2696 quum
1381 2614 1645 2694 plebem
1701 2612 1870 2708 hino·
1905 2632 2248 2707 provoca-.

100 2692 307 2765 tione,
349 2692 506 2753 hinc
550 2693 899 2754 tribunicio
944 2692 1181 2759 auxilio
1225 2694 1380 2759 satis
1423 2692 1805 2769 firmassent,
1851 2714 2014 2775 ipsis
2057 2715 2217 2777 quo-

101 2794 227 2869 que
268 2772 575 2849 tribunis,
620 2786 689 2835 ut
729 2775 1119 2836 sacrosancti
1161 2773 1561 2847 viderentur,
1607 2772 1822 2855 (cujus
1865 2774 1966 2835 rei
2009 2792 2217 2856 prope

98 2876 225 2935 jam
264 2855 579 2916 memoria
622 2853 1017 2933 aboleverat)
1062 2854 1286 2917 relatis
1329 2854 1707 2939 quibusdam
1751 2876 1830 2915 ex
1855 2875 2084 2937 magno
2117 2856 2218 2916 in-

102 2926 381 2997 tervalso
422 2934 836 3009 ceremoniis,
899 2948 1328 3012 renovarunt3
1392 2948 1459 2995 et
1511 2957 1708 3019 quum
1748 2934 2074 3016 religione
2118 2936 2219 2995 in-

100 3016 377 3077 violatos
421 3036 557 3086 eos,
603 3029 733 3076 tum
776 3016 920 3097 lege
966 3016 1153 3076 etiam
1192 3016 1510 3089 fecerunt,
1564 3014 1931 3085 sanciendo,
1985 3016 2080 3086 Ut,
2121 3014 2226 3094 qui

102 3098 357 3157 tribunis
392 3097 591 3173 plebis,
634 3096 937 3165 aedilibuS,
970 3096 1270 3171 J‘udicibus
1284 3137 1305 3166 ,
1369 3096 1712 3156 decemviris
1751 3096 2061 3164 nocuisset,
2105 3100 2225 3170 ejus

100 3187 282 3254 caput
319 3176 469 3236 Jovi
502 3196 735 3235 sacrum
774 3184 910 3235 esset
933 3202 952 3233 .·
1018 3176 1265 3252 1Ῐὶιηιίἰιίη
1323 3178 1406 3233 ad
1445 3178 1650 3235 nedem
1694 3176 1938 3247 Ceret-Is,
2000 3176 2220 3246 Liberi,

104 3258 459 3334 Liberaeque
498 3276 707 3315 venum
749 3254 875 3315 iret.
961 3258 1099 3317 Hae
1142 3256 1289 3337 lege
1342 3254 1505 3336 juris
1549 3255 1943 3338 interpretes
1986 3269 2226 3338 negant

102 3358 494 3421 quemquam
567 3348 1044 3399 sacrosanctum
1104 3354 1284 3397 esset
1370 3334 1490 3397 sed
1561 3356 1745 3410 eum,
1867 3336 1934 3397 ui
1999 3358 2224 3397 eorum

102 3418 407 3501 cuiquam
468 3417 787 3492 nocuerit,
835 3434 1085 3478 sacrum
1132 3414 1394 3479 sanciri.
1478 3419 1698 3499 Itaque
1741 3437 1814 3477 ae
1865 3417 2014 3478 ilem
2070 3438 2226 3499 pre-

104 3497 309 3559 hendi
360 3496 637 3580 ducique
680 3520 713 3557 a
756 3496 1106 3573 majoribus
1150 3496 1665 3591 magistratibus:
1712 3496 1888 3581 quod
1929 3496 2051 3559 etsi
2093 3520 2228 3561 non

100 3578 251 3658 ‘jure
293 3576 425 3652 fiat,
492 3577 742 3655 (noceri
788 3578 961 3638 enim
1008 3578 1103 3651 ei,
1177 3598 1281 3637 cui
1343 3576 1462 3639 hac
1503 3578 1650 3659 lege
1693 3586 1836 3638 non.
1867 3575 2085 3653 liceat)
2129 3594 2222 3639 ta-

104 3680 253 3721 men
296 3670 745 3739 argumentum
788 3678 955 3730 esse‚
1000 3679 1131 3719 non
1172 3656 1398 3717 haberi
1441 3676 1564 3738 pro
1607 3671 2013 3720 sacrosancto
2047 3659 2226 3720 aedi-

106 3740 266 3801 lem:
314 3738 617 3800 tribunos
656 3751 881 3800 'vetere
924 3736 1065 3817 jure
1110 3735 1386 3815 jurando
1427 3737 1664 3818 plebis,
1711 3760 1905 3821 quum
1945 3738 2226 3820 primum

108 3840 245 3881 eam
286 3831 696 3902 potestatem·
724 3820 988 3893 creavit,
1036 3831 1480 3880 sacrosanctos
1526 3838 1697 3885 esse.
1780 3820 2028 3890 Fuere,
2110 3817 2224 3901 qni

108 3900 717 3983 interpretarentur,
764 3896 987 3960 eadem
1029 3899 1147 3959 hae
1188 3898 1456 3959 Horatia
1499 3898 1644 3977 lege
1673 3899 2048 3960 consulibus
2069 3920 2229 3981 quo·

110 4002 231 4063 que
276 3994 345 4043 et
384 3979 823 4063 praetoribus,
872 3980 1020 4061 quia
1064 3978 1292 4040 iisdem
1335 3978 1668 4073 auspiciis,
1714 3971 1950 4070 quibus
1991 3982 2226 4037 consu·

110 4062 231 4136 les,
295 4073 721 4131 crearent-ur,
794 4074 1042 4120 cautum
1088 4079 1266 4127 essm
1317 4056 1613 4147 ⁵iudicem
1677 4078 1848 4119 emm
1892 4058 2244 4119 consulem·
2295 4098 2305 4106 -

2112 332 2243 348 ...μυσ-
2256 328 2280 339 ““
2293 322 2300 329 ’

2367 278 2440 311 ι’.
