2534 4309
368 163 559 276 με’
719 195 1124 268 Luam
1205 200 1331 266 ιλ.
1434 201 1689 268 υιρ.
1782 195 2067 266 mna.

410 403 582 446 aeem
635 383 830 446 animi
883 399 1308 459 mutaverant.
1388 398 1459 446 ut
1516 385 1857 450 clariorem
1916 388 2092 452 inter
2132 388 2427 448 Romanu

361 407 609 526 {editio
650 466 1068 540 Postumium,
1113 488 1297 550 quam
1334 467 1633 528 Pontium
1678 469 2015 530 incruenta
2052 467 2333 530 victoria
2362 469 2431 528 in-

363 559 466 606 ter
507 544 858 618 Samnites,
898 544 1176 606 faceret:
1221 560 1288 608 et
1328 545 1471 629 geri
1510 567 1707 628 posse
1744 547 1987 610 bellum
2020 547 2307 610 Romani
2342 567 2435 628 pm

362 623 636 686 victoria
701 632 874 685 certa
941 623 1291 696 haberent,
1364 627 1681 690 Samnites
1734 627 1923 689 simul
1983 627 2351 689 rebellasse
2396 643 2439 685 et
2506 655 2508 680 ÷

267 715 274 720 ’
365 702 604 764 vicisse
663 701 1005 766 crederent
1059 708 1432 768 Romanum.
1534 709 1711 768 Inter
1781 707 1942 770 haee
2006 707 2337 770 Satricani
2380 703 2441 764 ad

361 783 678 862 Samnites
721 781 1116 859 defecerunt,
1164 785 1579 866 etFregellae
1620 786 1873 849 colonia
1913 786 2315 868 necopinato
2350 785 2439 846 sd·
2506 815 2508 834 ι

360 873 557 922 ventu
600 863 974 926 Samnitium
1017 863 1253 940 (fuisse
1298 877 1363 926 et
1386 865 1749 928 Satricanos
1788 885 1937 928 cum
1974 866 2057 927 iis
2100 867 2269 926 satis
2312 886 2437 928 con·

359 941 511 1024 stat)
552 956 740 1004 nocte
782 957 1086 1022 occupata
1127 957 1246 1006 est.
1288 944 1482 1008 timor
1520 941 1673 1006 inde
1714 960 1967 1010 mutuus
2008 958 2329 1026 utrosque
2358 965 2439 1004 us·

363 1041 490 1102 que
532 1019 612 1082 ad
651 1023 856 1084 lucem
899 1025 1152 1118 quietos
1189 1023 1441 1088 tenuit:
1521 1025 1631 1086 lux
1684 1045 1940 1108 pugnae
1990 1025 2259 1086 initium
2304 1025 2439 1098 sui13

362 1121 552 1182 quam
591 1099 976 1184 aliquamdiu
1017 1124 1317 1186 aequam,
1389 1118 1456 1165 et
1508 1104 1653 1188 quia
1693 1125 1816 1186 pro
1858 1106 1987 1166 aris
2028 1125 2107 1166 ae
2150 1103 2326 1166 iocis
2364 1103 2441 1162 di-

360 1179 730 1254 micabatur,
777 1194 842 1242 et
883 1182 1030 1265 quia
1073 1203 1152 1244 ex
1190 1182 1381 1246 tectis
1422 1181 1757 1264 adjuvabat
1796 1183 2053 1247 inbellis
2084 1183 2441 1251 multitudo,

365 1273 576 1323 tamen
618 1261 988 1342 Fregellani
1031 1261 1489 1326 sustinuerunt.
1536 1266 1591 1326 F
1596 1285 1741 1344 raus
1764 1263 1999 1326 deinde
2019 1285 2165 1324 rem
2184 1263 2439 1325 inclina-
2505 1299 2507 1314 1

361 1340 481 1412 vit,
527 1339 698 1422 quod
735 1361 960 1404 vocem
1000 1341 1206 1404 audiri
1246 1343 1585 1424 praeconis
1628 1345 1805 1424 passi
1846 1357 2033 1418 sunt,
2076 1345 2437 1404 Ins-elumen

357 1419 676 1514 abiturum,
734 1421 836 1500 qm'
869 1445 1038 1482 orma
1074 1421 1363 1501 posuisset.
1425 1445 1497 1486 ea
1540 1443 1691 1504 spes
1731 1422 1983 1488 remisit
2022 1443 2059 1483 a
2100 1425 2439 1486 certamine

360 1521 630 1573 annuos,
675 1513 742 1562 et
781 1503 1022 1583 passim
1061 1523 1231 1562 arma
1270 1501 1493 1582 jactari
1534 1517 1781 1584 coepta.
1860 1504 2283 1568 Pertinaeior
2314 1523 2441 1584 pm

359 1591 594 1640 armata
633 1599 754 1660 per
793 1601 1080 1644 aversam
1122 1595 1367 1663 portam
1412 1583 1662 1664 erupit3
1738 1584 2067 1664 tutiorque
2124 1583 2227 1644 eis
2274 1583 2441 1644 auda-

362 1657 466 1720 cia
505 1658 648 1752 fuit,
734 1681 918 1744 quam
979 1659 1266 1724 incautus
1325 1662 1405 1723 ad
1474 1663 1861 1724 eredendum
1922 1662 2163 1728 ceteris
2220 1683 2440 1744 pavor:
2508 1695 2510 1716 ι

247 1802 252 1811 ,
358 1757 521 1800 vuos
565 1735 984 1802 cxrcumdatos
1027 1739 1199 1822 igni,
1272 1743 1705 1824 nequidquam
1746 1746 1925 1804 Deos
1988 1741 2321 1826 fidemque
2362 1743 2443 1802 in·
2508 1755 2510 1800 ε

356 1831 689 1902 pocantes,
737 1821 1053 1884 Samnites
1095 1835 1684 1884 concremaverunt.
1768 1823 2119 1896 Consules,
2172 1823 2349 1884 inter
2386 1839 2445 1884 se

359 1897 587 2038 {artiti
630 1899 1016 1980 provincias,
1059 1901 1357 1982 Papirius
1402 1903 1779 1984 inApuliam
1819 1902 1901 1964 ad
1937 1901 2284 1964 Luceriam
2304 1922 2447 1982 per-

410 1976 479 2050 it,
525 1975 639 2040 ubi
682 1979 931 2062 equites
972 1981 1245 2042 Romani
1286 1981 1548 2044 obsides
1592 1981 1671 2042 ad
1712 1983 2019 2044 Caudium
2062 1981 2199 2044 dati
2238 1995 2444 2043 eusto-

355 2053 734 2121 niebanturt
775 2060 1090 2122 Publilius
1133 2060 1200 2122 in
1243 2061 1503 2123 Samnio
1546 2061 1829 2124 substitit
1868 2061 2180 2124 adversus
2222 2058 2445 2124 Caudi-

357 2157 478 2200 nas
523 2135 586 2200 le
631 2139 836 2200 iones.
917 2139 1248 2202 Distendit
1288 2136 1364 2202 'ea
1404 2162 1513 2202 res
1540 2141 1912 2204 Samnitium
1948 2141 2239 2217 animos;
2284 2138 2446 2224 quod
2511 2187 2512 2192 1

354 2235 486 2302 qee
523 2239 558 2278 a
643 2217 978 2280 Luceriam
1020 2220 1118 2280 ire
1140 2263 1156 2294 ‚
1228 2241 1313 2281 ne
1366 2221 1445 2282 ab
1496 2235 1681 2306 tergo
1738 2221 2007 2285 instaret
2044 2221 2295 2293 hostis,
2336 2237 2446 2280 nec
2511 2219 2512 2226 ’

355 2317 647 2372 manere,
688 2319 772 2360 ne
813 2299 1084 2362 Luceria
1126 2299 1385 2360 interim
1426 2301 1855 2376 amitteretur,
1918 2301 2075 2365 satis
2116 2297 2447 2362 audebant.

355 2375 699 2458 Optimum
737 2378 940 2444 visum
982 2391 1082 2442 est
1121 2381 1521 2444 committere
1562 2401 1701 2444 rem
1736 2381 2070 2453 fortunae,
2128 2391 2197 2442 et
2248 2393 2448 2442 trans·

359 2455 549 2598 iffiere
603 2477 748 2526 cum
800 2458 1082 2527 Publilio
1127 2473 1466 2522 certamen.
1564 2463 1781 2543 Itaque
1839 2461 1909 2522 in
1976 2461 2185 2524 aciem
2232 2460 2449 2542 copias

351 2557 406 2600 θ
453 2549 664 2599 neunt.
2285 2589 2296 2604 .

521 2617 690 2682 xm.
768 2617 1097 2683 Adversus
1203 2639 1319 2682 uos
1358 2619 1677 2684 Publilius
1734 2617 1959 2686 consul
2012 2641 2210 2705 quum
2264 2619 2449 2682 dimi·-

359 2707 617 2760 icaturus
661 2711 835 2760 esset
854 2743 870 2772 ‚
915 2699 1096 2780 prius
1139 2721 1174 2760 a
1245 2699 1575 2783 oquendos
1614 2699 1852 2762 milites
1904 2714 2115 2774 ratus,
2192 2701 2447 2762 concio-

359 2797 514 2842 nem
553 2774 852 2840 advocari
891 2775 1107 2859 jussit.
1171 2791 1460 2843 ceterum
1500 2781 1666 2846 sicut
1703 2779 1951 2862 ingenti
2008 2781 2338 2842 alacritate
2376 2777 2451 2838 ad

359 2856 760 2940 praetorium
795 2878 1178 2924 concursum
1221 2872 1353 2933 est,
1408 2860 1497 2921 ita
1538 2881 1694 2941 prae
1738 2863 2014 2924 clamore
2052 2860 2447 2942 poscentium

359 2955 642 3032 puffnam
690 2937 860 3000 nulla
915 2937 1279 3002 adhortatio
1334 2939 1743 3020 imperatoris
1798 2939 2009 3002 audita
2070 2953 2191 3001 est.
2286 2939 2447 3000 Suus

363 3037 600 3098 nmque
670 3016 916 3081 animus
989 3038 1238 3082 memor
1317 3019 1709 3104 ignominiae
1776 3019 2151 3085 adhortator
2212 3017 2447 3079 aderat.

361 3096 625 3162 Vadunt
665 3096 865 3180 igitur
903 3099 972 3160 in
1011 3099 1334 3181 proelium
1374 3113 1725 3182 urguentes
1766 3099 2156 3180 signiferos:
2228 3111 2323 3169 et,
2368 3117 2447 3158 ne

359 3198 546 3240 mora
622 3175 689 3237 in
727 3199 1067 3252 ¹concursu
1122 3179 1281 3262 pilis
1325 3179 1691 3242 emittendis
1735 3178 2129 3263 stringendi·
2178 3197 2260 3238 ue
2299 3175 2449 3237 inde

361 3255 598 3338 gladiis
641 3271 847 3331 esset,
929 3257 1096 3354 pila,
1179 3260 1358 3324 velut
1418 3259 1560 3322 dato
1600 3261 1683 3322 ad
1723 3259 1791 3320 id
1828 3259 2037 3342 siguo,
2206 3258 2443 3338 ficiunt,

363 3337 734 3422 strietisque
776 3335 1006 3421 gladus
1047 3359 1240 3418 cursu
1282 3340 1350 3402 in
1390 3339 1641 3402 hostem
1684 3341 1999 3402 feruutur.
2096 3337 2277 3400 Nihil
2318 3335 2443 3397 illie

364 3413 819 3496 imperatoriae
860 3419 1016 3480 artis
1058 3419 1393 3483 ordinibus
1433 3433 1539 3481 aut
1596 3419 1900 3482 subsidiis
1961 3418 2251 3480 locandis
2290 3415 2443 3478 fuit:

363 3496 578 3556 omnia
631 3495 724 3558 ira
781 3498 1076 3561 militaris
1127 3519 1338 3584 prope
1398 3519 1634 3564 vesano
1701 3499 1923 3594 inpetu
1978 3498 2131 3581 egit.
2232 3500 2445 3578 ltaque

365 3595 502 3636 non
543 3575 682 3637 fusi‘
717 3577 902 3639 modo
947 3579 1167 3642 hostes
1207 3593 1392 3658 sunt3
1438 3579 1579 3651 sed,
1624 3600 1709 3641 ne
1750 3579 1973 3642 eastris
2017 3577 2277 3662 quidem
2316 3575 2445 3634 suis

363 3651 578 3747 fugam
619 3655 918 3736 inpedire
959 3659 1120 3736 ausi,
1161 3660 1463 3742 Apuliam
1520 3657 1815 3742 dissipati
1878 3659 2171 3740 petiere3
2246 3659 2447 3718 Luce·

361 3753 528 3794 mam
565 3749 792 3807 tamen,
841 3752 1060 3802 coacto
1099 3759 1322 3802 rursus
1364 3738 1435 3799 in
1474 3759 1668 3800 unum
1709 3740 1981 3821 agmine,
2032 3751 2135 3798 est
2173 3753 2447 3818 perven-

361 3825 515 3873 tum.
595 3815 913 3884 Romanos
954 3818 1051 3879 ira
1092 3819 1339 3893 eadem,
1384 3838 1544 3902 quae
1584 3837 1707 3900 per
1746 3817 2020 3882 mediam
2054 3816 2256 3879 soient
2296 3814 2447 3876 bos·

363 3891 520 3952 tium
559 3893 812 3970 tulerat,
859 3909 926 3956 et
963 3897 1036 3958 in
1073 3911 1281 3959 eastra
1322 3897 1609 3979 pertulit·
1648 3895 1743 3959 ibi
1769 3900 1937 3980 plus,
1980 3917 2165 3980 quam
2192 3893 2441 3963 inscie,

358 3971 686 4052 sanguinis
725 3993 800 4036 ae
839 3975 1056 4038 caedis
1099 3975 1336 4040 factum
1357 4020 1373 4051 ‚
1450 3973 1856 4060 praedaeque
1916 3995 2067 4060 pars
2108 3971 2315 4054 major
2352 3973 2445 4032 ira
