2534 4309
574 157 779 227 Lim
831 176 873 226 Β
921 175 1005 226 n·
1069 158 1159 223 11.
1234 125 1318 223 ¹C
1368 178 1413 223 Α
1462 177 1521 225 a.
1624 150 1742 224 56.
2067 150 2218 219 «ιοὸ

148 359 297 419 erat,
338 360 408 409 ut
450 342 919 419 intercederet,
962 342 1193 431 aliquis
1235 362 1316 409 ex
1357 344 1638 431 collegio
1677 341 2053 409 auctoritate
2089 355 2220 405 ·aut

146 428 471 489 consulum
510 440 616 489 aut
654 426 1019 510 principum
1058 424 1286 487 adduci
1327 441 1551 509 posset
1565 448 1590 504 3
1659 446 1768 489 res
1809 439 2018 489 tamen
2040 466 2058 497 ,
2085 430 2218 485 'suo
2265 454 2274 463 ·

148 509 278 588 ipsa
312 507 647 571 molimine
689 508 917 591 gravis,
963 505 1417 570 certaminibus
1459 508 1528 570 in
1567 526 1798 570 annum
1839 502 2214 568 extrahitur.

144 589 331 650 Plebs
380 588 783 653 Voleronem
832 586 1157 649 tribunum
1210 585 1441 651 reficit.
1548 591 1670 651 Pa·
1853 598 1926 659 U.
1964 619 2014 657 c.
2055 600 2172 656 285.

147 682 311 743 tres,
395 667 481 731 ad
517 668 807 730 ultimum
860 666 1288 730 dimicationis
1343 667 1467 729 rati
1523 688 1666 730 rem
1859 688 1911 725 a.
1949 668 2014 726 C·
2055 668 2174 739 ⁴⁶9·

146 764 505 825 venturam,
548 747 1085 843 Ap.·Claudium,
1138 748 1340 831 Appii
1379 748 1602 823 filium,
1670 747 1793 827 iam
1831 746 1982 809 inde
2025 769 2060 807 a
2102 767 2219 831 pa·-

144 831 350 891 ternis‘
378 828 836 891 certaminibus
890 828 1191 893 invisum.
1216 828 1651 912 infestumque
1701 826 1914 911 plebi,
1986 838 2217 891 consu·-

144 911 263 973 lcm
298 910 567 972 faciunt.
647 910 893 993 collega
946 908 1009 971 ei
1069 912 1143 970 Τ.
1189 909 1529 1001 Quinctius
1589 907 1796 972 datur.
1877 908 2220 1047 Principio

146 992 344 1053 atatim
382 990 537 1052 anni
578 990 741 1053 nihil
832 989 984 1064 rius,
1030 1010 1213 1073 quam
1258 987 1338 1051 de
1379 990 1547 1073 lege,
1590 989 1914 1071 agebatur.
1997 990 2083 1050 Se
2149 1000 2221 1049 ut

136 1072 431 1134 inventor
469 1071 636 1152 legis
676 1072 777 1137 Vo
808 1091 945 1146 ero,
988 1070 1085 1133 sic
1104 1069 1463 1141 Laetorius,
1505 1071 1756 1153 collega
1795 1068 1952 1147 ejus,
1997 1082 2222 1129 auctor

148 1173 326 1234 quum
362 1152 716 1226 recentior,
760 1164 890 1213 tum
931 1150 1143 1213 acrior
1182 1165 1338 1215 erat.
1419 1152 1732 1213 Ferocem
1765 1148 2039 1211 faciebat
2059 1146 2220 1210 belli

148 1233 339 1314 gloria
378 1234 651 1315 ingens;
732 1230 906 1315 quod
954 1232 1179 1293 aetatis
1240 1230 1380 1309 ejus
1430 1230 1601 1292 haud
1643 1229 1973 1316 quisquam
2028 1250 2219 1316 manu

186 1313 448 1375 romtior
490 1325 647 1375 erat.
728 1314 788 1374 Is
814 1356 832 1387 ,
879 1320 1069 1397 quum
1114 1311 1358 1377 Volero
1397 1311 1591 1387 nihil,
1649 1324 2094 1393 praeterquam
2137 1308 2218 1371 ‹le

164 1414 314 1477 ege,
354 1394 774 1477 loqueretur,
816 1392 1237 1455 insectatione
1293 1392 1622 1456 abstinens
1665 1391 2028 1463 consulum,
2073 1390 2219 1472 ipse

147 1475 206 1534 in
242 1472 715 1539 accusationem
754 1474 977 1557 Appii,
1023 1471 1432 1557 familiaeque
1453 1471 1954 1555 superbissimae
1974 1492 2047 1534 ac
2071 1492 2217 1533 cru-

146 1554 637 1618 delissimaein-
702 1552 915 1616 lehem
955 1554 1322 1626 Romanam,
1367 1574 1654 1627 exorsus,
1700 1574 1890 1639 quum
1931 1574 1966 1613 a
2005 1552 2219 1615 Patri-

146 1635 251 1697 bus
288 1658 420 1700 non
462 1654 664 1697 consu
692 1654 812 1708 em,
859 1632 975 1697 sed
1016 1630 1384 1699 carnificem
1424 1631 1506 1695 ad
1541 1652 1746 1697 vexan
1827 1654 1891 1694 m
1931 1647 2000 1702 et
2047 1636 2218 1696 lace-

146 1715 385 1779 randam
430 1714 712 1797 plebem,
757 1728 1037 1777 creatum
1080 1734 1225 1779 esse
1271 1711 1742 1797 contenderet-3-
1831 1714 1930 1779 dis
1964 1714 2275 1795 inmilin,
2378 1710 2516 1805 «μή

142 1798 253 1861 tari
289 1796 559 1861 homine
615 1795 832 1879 lingua
882 1814 1013 1858 non
1070 1796 1187 1860 sub
1239 1795 1478 1859 etebat.
1512 1794 1795 1859 libertati
1853 1796 2194 1880 animoque
2365 1814 2516 1855 ann-0-

146 1880 369 1963 ltaque,
412 1872 760 1940 deficiente
804 1876 1116 1951 oratione,
1218 1878 1414 1937 nando
1453 1876 1652 1955 uidem
1689 1874 2086 1957 non*)facila
2124 1878 2148 1936 l
2195 1892 2200 1897 ·
2273 1856 2302 1893 ⁶
2359 1900 2482 1987 Ρ.)

147 1978 276 2033 quor
291 2000 311 2029 ,
351 1957 597 2041 inquit,
642 1956 923 2035 Quirites,
1005 1978 1201 2037 quam,
1283 1976 1394 2037 quo
1478 1956 1705 2019 locuta·
1735 1976 1888 2029 eum,
1968 1966 2218 2037 praesto,
2305 2010 2312 2017 .
2381 1959 2516 2049 spu,

146 2042 374 2100 crasa‘no
433 2040 537 2100 dio
592 2040 801 2100 alesta.
901 2038 1035 2116 Ego
1088 2038 1187 2099 hio
1233 2047 1339 2097 αιιι
1399 2038 1464 2097 in
1519 2045 1824 2117 conspectu
1862 2047 2046 2099 oestro
2087 2057 2221 2095 mo-
2345 2074 2358 2091 .
2433 2068 2462 2103 o

149 2120 285 2193 rt‘ar,
364 2130 475 2181 aut
525 2120 820 2212 pefferam
882 2116 1087 2195 Iegem.
1185 2116 1525 2199 Occupant
1597 2117 1841 2179 tribuni
1907 2118 2104 2198 templ
2480 2144 2516 2181 ω

146 2214 389 2277 postero
470 2197 607 2262 die.
704 2200 1003 2261 consules
1082 2198 1517 2283 nobilitasque
1599 2195 1681 2259 ad
1761 2196 2151 2279 inpedienda

148 2278 337 2361 legem
416 2280 493 2343 in
580 2277 896 2343 concione
990 2279 1369 2341 consistunt.
1505 2276 1889 2341 submoveri
1981 2279 2184 2341 Laeto

146 2360 265 2423 rius
316 2360 535 2440 jubet,
599 2371 1049 2443 praeterquam
1092 2360 1203 2443 qui
1264 2356 1658 2440 subfragium
1704 2358 1940 2420 ineant.
2040 2356 2218 2420 Ado-

148 2440 447 2505 lescentes
544 2438 799 2503 nobiles
911 2438 1189 2511 stabant,
1309 2438 1476 2500 nihil
1573 2436 1880 2501 cedentes
1959 2386 2332 2548 vinci-hffl‘

148 2524 294 2582 Tum
332 2542 412 2585 ex
453 2519 559 2582 hia
600 2516 923 2603 prehendi
954 2516 1261 2603 quosdam
1312 2519 1653 2581 Laetorius
1695 2518 1897 2597 jubet.
1976 2518 2218 2581 Consul
2306 2562 2320 2571 -
2513 2554 2515 2591 ÷

151 2598 235 2741 Alp
276 2602 375 2675 ius
416 2620 682 2683 negare,
729 2597 827 2679 jus
871 2618 1015 2661 esse
1058 2598 1322 2661 tribuno
1365 2599 1436 2660 in
1515 2620 1888 2685 ⁴uemqnam,
1957 2598 2090 2661 nisi
2147 2598 2217 2658 in
2513 2596 2515 2613 '

150 2700 187 2759 p
212 2622 480 2762 ebejum.
544 2700 674 2743 non
716 2680 888 2743 enim
930 2679 1184 2763 populi,
1230 2677 1346 2741 sed
1388 2680 1496 2761 ple
1546 2680 1599 2741 is
1621 2721 1637 2753 ‚
1703 2700 1848 2743 eum
1885 2678 2218 2762 magistra-

150 2774 263 2824 tum
301 2783 465 2827 esse.
515 2778 641 2823 nec
676 2760 860 2823 illum
902 2760 1110 2856 ipsum
1151 2760 1531 2827 submovere
1573 2781 1693 2843 pro
1721 2760 1997 2842 imperio
2020 2778 2218 2843 posse

94 2900 105 2913 ,
152 2862 305 2907 more
342 2842 699 2923 majorum3
748 2840 896 2924 quia
936 2856 1022 2903 ita
1065 2840 1344 2903 dicatur:
1415 2840 1490 2903 Sa·
1525 2844 1680 2903 vobis
1717 2842 1968 2913 videtur,
2029 2840 2220 2899 disca-

153 2924 282 2995 dita,
346 2923 622 3003 Quirites.
720 2920 941 2985 Facile
990 2934 1055 2985 et
1109 2920 1478 2985 contemtim
1532 2920 1612 2984 de
1638 2920 1794 3000 ‘jure
1839 2916 2221 2981 disserendo

154 3005 515 3083 perturbare
548 3002 919 3067 Laetorium
1004 3015 1231 3068 oterat.
1309 3000 1568 3065 Ardens
1608 3001 1807 3083 igitur
1859 2999 1956 3061 ira
2011 2998 2220 3061 tribu-

154 3104 255 3143 nus
298 3088 613 3148 viatorem
661 3082 863 3148 mittit
913 3105 950 3144 a
1052 3082 1422 3145 consulem:
1505 3082 1731 3144 consul
1785 3079 2082 3143 lictorem
2140 3077 2221 3140 ad

154 3164 470 3238 tribunum,
527 3163 845 3246 privatum
886 3182 1033 3227 esse
1074 3162 1440 3235 clamitans,
1523 3164 1670 3225 eine
1713 3161 2012 3243 imperio,
2075 3160 2219 3222 sine

154 3246 536 3327 magistratu3
576 3245 975 3328 violatusque
1019 3256 1195 3306 esset
1233 3240 1552 3317 tribunus,
1595 3244 1664 3304 ni
1705 3254 1770 3306 et
1811 3242 2040 3305 concio
2085 3262 2219 3304 om-

154 3324 241 3387 nis
278 3340 456 3389 atrox
498 3338 719 3387 coorta
758 3346 885 3408 pro
924 3325 1186 3387 tribuno
1230 3320 1302 3385 in
1343 3324 1671 3385 consulem
1713 3337 1922 3395 esset,
1969 3336 2034 3383 et
2063 3342 2220 3383 con-

141 3422 353 3471 cursus
390 3404 726 3472 hominum
779 3406 849 3467 in
908 3404 1122 3467 forum
1164 3424 1247 3467 ex
1285 3416 1417 3465 tota
1455 3403 1620 3466 urbe
1661 3404 2017 3467 concitatae
2057 3402 2220 3462 mul·

150 3484 423 3549 titudinis
465 3482 677 3549 fieret.
760 3484 1134 3551 sustinebat
1170 3498 1384 3545 tamen
1423 3483 1478 3545 A
1527 3484 1673 3567 pius
1706 3482 2058 3567 pertinacia
2080 3496 2218 3543 tan-

154 3578 265 3628 tam
300 3574 777 3649 tempestatem}
858 3579 1299 3661 certatumque
1338 3562 1462 3625 hau
1568 3565 1904 3627 incruento
1961 3562 2219 3645 proelio

154 3644 345 3721 foret,
406 3648 473 3713 ni
516 3646 897 3797 quinctius,
940 3646 1166 3709 consul
1210 3646 1405 3720 alter,
1471 3644 1912 3709 consularibus
1953 3641 2220 3727 negotio

160 3724 304 3803 dato,
344 3746 413 3794 ut
452 3734 557 3797 col
586 3749 769 3813 egam
806 3728 893 3805 vi,
936 3726 999 3791 si
1036 3726 1227 3790 aliter
1264 3747 1398 3789 non
1436 3740 1730 3811 possent,
1775 3724 1858 3787 ds
1895 3724 2050 3787 foro
2105 3722 2216 3787 ab·

212 3886 267 3957 ')
295 3891 425 3947 Nun
458 3906 565 3947 tam
600 3864 785 3950 θεοῦ..
808 3887 965 3947 Gru.
1017 3875 1033 3887 “

2485 4256 2516 4269 l
