2534 4309
356 164 411 231 L
462 185 481 229 ι
537 184 575 230 Β
625 182 667 231 r.
716 182 765 231 R
864 165 995 231 111.
1097 162 1151 233 C
1198 188 1246 231 A
1299 185 1354 232 P.
1459 160 1576 231 52.
1627 160 1746 281 553
1802 160 1928 240 54.
2063 164 2190 255 1'57

105 348 330 411 darum
378 350 593 433 legum
636 349 887 413 initium
942 348 1169 415 fieret.·
1245 350 1470 415 Placet
1527 352 1736 428 creari
1797 350 2200 419 decemviros

98 432 245 493 sine
286 430 774 513 provocatione,
844 440 909 493 et
946 452 1031 494 ne
1118 432 1218 493 uis
1260 452 1342 495 eo
1385 452 1552 495 anno
1595 432 1757 495 alius
1799 435 2198 517 magistratus
2234 453 2245 464 ‘

96 524 292 573 esset.
374 509 991 573 Admiscerenturne
1032 534 1074 595 1)
1105 511 1301 593 ebeji,
1346 514 1792 576 controversia
1811 515 2198 599 aliquamdiu

94 592 245 653 suit.
288 605 621 673 postremo
663 610 1040 653 concessum
1078 590 1422 667 Patribus,
1478 592 1668 655 modo
1711 614 1794 655 ne
1851 595 1959 656 lex
2019 596 2197 658 Icilia

96 670 179 733 de
219 671 571 745 AventinO,
614 671 904 755 aliaeque
947 687 1225 733 sacratae
1269 672 1450 755 leges
1492 674 1976 756 abrogarentur.

252 753 547 813 xxxm.
630 754 821 812 Anno
878 751 1338 815 trecentesimo
1391 753 1594 814 altero
1617 797 1636 828 ,
1703 775 1891 837 quam
1943 754 2198 817 condita

92 832 302 892 Roma
348 846 519 905 erat,
580 829 814 892 iterum
854 844 1130 895 mutatur
1172 832 1378 894 forma
1419 828 1697 896 civitatis
1721 877 1738 907 ,
1793 835 2196 907 abconsuli-

100 910 223 973 bus
264 910 347 972 ad
390 910 833 987 decemviros,
896 913 1432 997 quemadmodum
1491 912 1570 975 ab
1628 912 1891 993 regibus
1933 928 2077 977 ante
2119 914 2200 975 ad
2241 940 2258 955 κ

95 992 397 1053 consules
452 1006 748 1065 venerat,
828 994 1137 1053 translato
1194 992 1496 1075 imperio.
1599 993 1817 1056 Minus
1896 993 2194 1075 insigniat,

96 1072 241 1155 quia
300 1092 439 1132 non
496 1070 811 1145 diuturna,
870 1073 1137 1134 mutatio
1166 1072 1342 1133 .fuit.
1423 1073 1587 1136 laeta
1650 1073 1822 1135 enim
1875 1075 2198 1157 principia

92 1150 503 1234 magistratus
546 1150 684 1231 ejus
727 1151 920 1213 nimis
962 1152 1388 1216 luxuriavere.
1472 1173 1554 1215 eo
1614 1154 1805 1217 citius
1855 1153 1914 1215 la
1967 1176 2036 1214 sa
2088 1176 2192 1215 res

96 1245 211 1305 est,
254 1232 765 1315 repetitumque,
809 1230 1059 1295 duobus
1100 1232 1195 1295 uti
1236 1231 1644 1295 mandaretur
1705 1254 1904 1296 consu
1933 1256 2035 1294 um
2075 1256 2190 1295 no-

94 1318 259 1372 men·
282 1312 783 1395 imperiumque.
866 1312 1237 1391 Decemviri
1282 1314 1484 1376 creati
1541 1314 1598 1375 A
1651 1358 1666 1375 .
1709 1313 2043 1389 Claudius,
2114 1318 2210 1397 T.

96 1393 455 1466 Genucius»,
495 1396 571 1453 P.
616 1392 887 1467 Sestius,
932 1396 1007 1453 L.
1049 1391 1380 1468 Veturius,
1428 1394 1602 1456 C.Ju
1628 1393 1752 1468 ius,
1796 1395 1874 1457 Α.
1892 1395 2192 1470 Manlius,

96 1474 236 1535 Ser.
282 1472 399 1534 Sul
452 1471 653 1545 icius,
716 1474 794 1535 P.
839 1472 1197 1549 Curiatius,
1260 1476 1339 1535 T.
1378 1473 1737 1551 Romilius,
1805 1476 1919 1557 Sp.
1961 1478 2191 1539 Postu—

92 1553 279 1614 mius.
364 1554 415 1614 C
444 1551 634 1613 audio
676 1564 743 1615 et
786 1554 1123 1629 Genucio,
1214 1550 1360 1639 quia
1414 1552 1732 1639 designati
1782 1555 2080 1619 consules
2123 1556 2193 1616 in

100 1652 239 1695 eum
284 1654 521 1693 annum
562 1630 839 1707 fuerant,
883 1652 1004 1714 pro
1043 1632 1292 1697 honore
1332 1632 1538 1697 honos
1582 1633 1910 1698 redditus:
1954 1650 2020 1697 et
2039 1638 2193 1698 Ses-

98 1714 191 1775 tio
230 1712 424 1775 alteri
467 1714 803 1775 consulum
842 1714 1087 1795 prioris
1129 1714 1304 1789 anni,
1347 1714 1520 1809 quod
1561 1735 1702 1777 eam
1742 1738 1882 1779 rem
1945 1716 2192 1797 collega

98 1792 303 1855 invito
326 1792 407 1853 ad
420 1796 646 1855 Patres
671 1793 997 1857 retulerat.
1036 1794 1158 1857 His
1180 1794 1460 1889 Rroxrmi
1479 1794 1683 1856 habiti
1831 1808 1902 1866 U,
1941 1830 2000 1869 cs
2028 1812 2148 1870 505,

98 1873 291 1955 legati
308 1886 466 1946 trem
536 1872 896 1937 uiAthenas
914 1874 1143 1936 ierant.
1169 1873 1574 1955 stmulutI'Jro
1589 1874 1684 1936 le·
1832 1896 1881 1936 a.
1921 1878 1986 1937 C.
2027 1890 2146 1953 449.

102 1953 356 2037 gatione
372 1968 493 2015 tam
528 1952 865 2046 'onginqua
883 1956 1171 2037 praemio
1184 1952 1604 2017 essethonos=
1623 1953 1810 2017 simul
1829 1955 2074 2036 peritos
2095 1956 2210 2035 leg
2229 1954 2265 2026 Γ,
2307 2008 2316 2016 .
2359 2003 2371 2016 .
2391 1968 2401 1983 ·
2418 1996 2434 2011 .
2455 2000 2465 2010 .

103 2054 245 2113 gum
278 2052 769 2117 peregrlnarum
805 2032 883 2095 ad
914 2030 1241 2096 condenda
1276 2056 1437 2098 nova
1461 2033 1601 2110 iura
1623 2036 1766 2098 usui
1796 2034 1941 2097 fore
1963 2035 2186 2098 crede-

102 2114 267 2175 bant.
348 2113 750 2194 supplevere
782 2115 984 2176 ceteri
1010 2136 1364 2175 numerum.
1425 2115 1668 2180 Graves
1705 2136 1958 2201 quoque
1987 2129 2188 2177 aetate

106 2194 344 2256 electos
386 2190 756 2257 novissimis
800 2193 1122 2277 suffragiis
1156 2196 1404 2269 ferum,
1467 2216 1598 2279 quo
1629 2196 1841 2257 minus
1879 2194 2190 2259 ferociter
2287 2264 2295 2275 ,

102 2274 374 2336 aliorum
408 2272 589 2335 scitis
622 2272 1130 2338 adversarentur.
1202 2275 1518 2358 Regimen
1556 2276 1750 2337 totius
1783 2276 2187 2358 magistratus

102 2374 303 2449 penes
347 2353 633 2435 Appium
675 2368 815 2416 erat
862 2355 1083 2418 favore
1124 2352 1360 2437 plebis.
1425 2355 1714 2440 adeoque
1767 2376 2004 2419 novum.
2059 2355 2188 2417 sibi

105 2434 443 2517 ingenium
484 2432 799 2508 induerat,
842 2448 911 2496 ut

104 2512 437 2595 popularis
478 2511 763 2595 captator
803 2456 1123 2591 evadleret,
1163 2531 1303 2597 pru·
1325 2530 1493 2597 trum
1544 2536 1859 2614 saevoque
1913 2531 2188 2578 1nsecta-

106 2608 243 2656 tore
284 2592 529 2687 plebis.
606 2594 877 2657 Decimo
939 2594 1043 2656 die
1095 2594 1195 2675 jus
1224 2616 1323 2688 1³⁰
1371 2598 1481 2659 ulo
1537 2597 1771 2679 singuli
1812 2594 2188 2659 reddebant.

106 2694 181 2736 eo
234 2672 349 2733 dne
405 2692 610 2753 penes
666 2674 1059 2756 praesectum
1116 2674 1276 2755 juris
1366 2694 1542 2739 asces
1584 2676 1922 2743 duodecim
1963 2689 2188 2739 erantt

105 2752 377 2835 collegis
419 2774 652 2817 novem
692 2754 930 2837 singuli
972 2755 1229 2818 accensi
1281 2754 1688 2837 adparebant.
1755 2770 1822 2819 et
1883 2756 1950 2816 in
2005 2756 2192 2817 unica

104 2832 454 2895 concordia
492 2832 667 2897 inter
704 2833 882 2915 ipsos
939 2834 1082 2975 (3¹¹³
1134 2854 1486 2919 consensus
1543 2836 1810 2917 privatis
1869 2834 2195 2898 interdum

104 2914 354 2975 inutilis
396 2916 597 2991 esset)
640 2918 878 2975 summ'a
918 2936 953 2976 a
998 2936 1223 2978 versus
1264 2916 1427 2979 alios
1483 2916 1772 3000 aequitas
1825 2928 1982 2977 erat.
2049 2918 2191 2995 Mo-

106 2993 469 3057 derationis
512 3014 733 3055 eorum
774 3008 1210 3077 argumentum
1252 2996 1548 3079 exemplo
1586 2997 1776 3057 unius
1794 2995 1895 3058 rei
1913 3008 2206 3069 notasse,-

106 3075 256 3138 satis
302 3071 453 3136 erit.
537 3072 746 3165 Quum
788 3074 930 3137 sine
970 3076 1431 3157 provocatione
1485 3077 1685 3137 creati
1744 3088 1997 3149 essent,
2082 3074 2194 3135 de·-

102 3151 283 3216 fosso
330 3151 664 3229 cadavere,
709 3154 880 3218 domi
923 3154 1092 3237 apud
1128 3157 1206 3218 P.
1252 3156 1563 3230 Sestium,
1617 3156 1925 3239 patriciae
1965 3156 2195 3236 gentis

104 3235 339 3307 virum,
424 3232 714 3308 invente,
778 3237 1163 3319 prolatoque
1206 3234 1275 3295 in
1317 3236 1719 3311 concionem,
1803 3236 1872 3296 in
1913 3256 1987 3298 re
2029 3233 2199 3315 juxta

106 3314 452 3375 manifesta
493 3327 683 3399 atque
724 3317 949 3391 atroci,
1010 3316 1081 3377 C.
1122 3314 1330 3383 Julius
1373 3315 1697 3379 decemvir
1749 3314 1920 3378 diem
1983 3317 2198 3379 Sestio

110 3394 293 3469 dixit,
339 3406 409 3455 et
450 3406 779 3457 accusator
816 3395 897 3457 ad
936 3395 1243 3491 populum
1292 3396 1572 3472 exstitit,
1617 3395 1796 3476 cujus
1852 3395 1953 3457 rei
2005 3395 2200 3475 judex

108 3474 443 3559 legitimus
485 3488 655 3536 eratt
725 3474 1127 3559 decessitque
1166 3475 1312 3554 jure
1353 3496 1502 3552 suc,
1583 3490 1654 3540 ut
1694 3476 1974 3539 demtum
2018 3474 2098 3539 de
2135 3476 2203 3539 vi

108 3554 516 3639 magistratus
557 3575 645 3637 po
694 3556 787 3616 uli
828 3556 1113 3619 libertati
1150 3554 1486 3636 adjiceret.

274 3634 565 3699 XXXIV.
646 3574 861 3729 ‘Quum
962 3650 1233 3699 rommm
1289 3634 1414 3699 hoc
1454 3635 1556 3715 jus
1606 3636 1780 3699 velut
1821 3655 1900 3696 ex
1941 3634 2202 3697 oraculo

116 3712 561 3796 incorruptum
594 3717 841 3795 pariter
878 3737 913 3777 a
998 3715 1099 3777 his
1120 3717 1348 3777 summi
1392 3716 1720 3800 infimique
1759 3714 2030 3788 ferrent,
2075 3726 2208 3775 tum

114 3794 369 3875 legibus
429 3794 787 3857 condendis
839 3817 1035 3891 opera
1090 3795 1390 3859 dabatur:
1450 3796 1823 3880 ingentique
1877 3793 2206 3855 hominum

118 3874 607 3957 exspectatione
646 3876 1003 3959 propositis
1036 3875 1259 3938 decem
1303 3876 1557 3951 tabulis,
1599 3874 1904 3956 populum
1931 3872 2009 3933 ad
2049 3890 2202 3931 con-

126 3954 381 4017 cionem
422 3954 931 4019 advocaverunt:
989 3970 1084 4029 et,
1144 3958 1302 4033 quod
1341 3958 1578 4021 bonum.
1615 3958 1917 4033 faustum,
1942 3952 2209 4028 felixque

996 2435 1582 2531 lebicola'repente
1622 2436 1956 2530 omnisque
1998 2456 2189 2499 aurae
2293 2454 2308 2467 ·
