2534 4309
318 214 452 278 :108
675 203 1647 268 Ltntttt‘A003P.
1756 195 2037 280 20;27.

299 385 634 451 decretum
673 383 1052 448 consulibus
1094 376 1448 448 videretur.
1532 364 1801 446 Invenio
1862 381 2037 464 apud
2078 381 2397 467 quosdam,

278 467 642 548 extemplo,
687 465 1019 531 consulatu
1061 462 1246 540 inito,
1286 465 1623 559 profectos
1668 464 1735 524 in
1766 463 2095 530 Etruriam
2145 463 2403 524 Fabium

285 547 720 628 Deciumque,
767 546 908 608 aine
947 545 1074 606 ulla
1113 559 1443 617 mentione
1485 545 1699 606 sortis‘
1745 543 2235 626 provinciarum
2272 564 2403 605 cer-

291 627 730 708 taminumque
775 627 946 688 inter
989 625 1295 720 collegas,
1342 647 1505 708 quae
1547 627 1841 706 exposui.
1928 627 2115 698 Sunt,
2179 624 2403 707 quibus

291 729 374 769 ne
415 706 581 770 haec
627 705 888 788 quidem
931 719 1277 767 certamina
1320 727 1647 788 exponere
1691 707 1847 766 satis
1890 704 2111 766 fuerit.
2160 705 2403 784 adjece-

289 801 444 850 runt
486 800 552 848 et
594 786 799 868 Appii
843 785 1323 867 criminationes
1370 789 1451 847 de
1494 785 1699 850 Fabio
1743 787 2010 848 absente
2073 786 2155 846 ad
2202 807 2397 869 popu-

288 869 442 942 lum,
489 881 556 930 et
596 866 1021 948 pertinaciam
1062 861 1369 928 adversus
1410 881 1821 949 praesentem
1864 867 2195 928 consulem
2272 889 2401 927 rae-

289 949 486 1021 toris,
573 946 1186 1030 contentionemque
1240 947 1428 1008 aliam
1472 947 1645 1008 inter
1688 947 2012 1030 collegae,
2098 960 2212 1008 ten
2266 961 2403 1008 ente

284 1029 518 1102 Decio,
563 1042 632 1089 ut
677 1045 830 1088 suae
873 1027 1147 1110 quisque
1187 1028 1565 1108 provinciae
1609 1039 1845 1090 sortem
1872 1040 2189 1095 tueretur.
2238 1031 2403 1093 Con-

288 1122 462 1172 stare
503 1129 612 1170 res
657 1107 906 1188 incipit
933 1111 1030 1190 e'x*
1055 1126 1136 1169 eo
1175 1121 1495 1190 tempore,
1530 1119 1665 1190 'pro
1708 1107 1991 1189 profecti
2020 1107 2211 1169 ambo
2254 1129 2401 1170 con-

261 1181 466 1250 ‘sules
511 1187 593 1248 ad
630 1185 872 1251 bellum
915 1201 1082 1249 sunt.
1160 1191 1513 1261 Ceterum,
1576 1201 1937 1272 ‚antequam
1988 1190 2298 1253 consules
2339 1191 2399 1248 in

285 1268 614 1330 Etruriam
655 1264 1100 1349 pervenirent,
1147 1271 1442 1334 Senones
1490 1268 1659 1330 Galli
1700 1267 2110 1330 multitudine
2154 1269 2397 1350 ingenti

281 1349 364 1418 ad
407 1348 700 1428 Clusium
739 1366 1079 1425 venerunt,
1127 1350 1457 1432 legionem
1498 1353 1850 1410 Romanam
1906 1351 2111 1420 castra
2210 1371 2249 1411 e
2294 1349 2397 1412 ob·

237 1475 268 1492 a
330 1429 654 1512 ugnaturi.
737 1429 984 1510 Scipio,
1072 1431 1182 1512 qui
1227 1429 1458 1491 castris
1502 1441 1823 1512 praeerat,
1905 1427 2056 1490 loco.
2096 1452 2129 1488 a
2178 1429 2397 1509 juvan-

283 1450 439 1578 gam,
469 1509 855 1592 pauci-tatem
899 1530 1162 1570 suorum
1201 1509 1478 1572 militum
1518 1524 1723 1584 ratus,
1773 1511 1841 1570 in
1882 1509 2113 1570 collem
2146 1513 2249 1588 ¹⁷⁶),
2298 1510 2397 1594 qui

286 1591 462 1651 inter
500 1589 730 1652 urbem
771 1602 838 1651 et
877 1604 1084 1670 castra
1131 1603 1290 1663 erat,
1336 1591 1539 1652 aciem
1582 1590 1811 1652 erexit.
1894 1587 2058 1662 Sed,
2104 1605 2179 1652 ut
2222 1591 2293 1652 in
2332 1612 2395 1651 re

285 1669 516 1744 subita,
559 1668 1165 1752 parum-explorato
1207 1671 1445 1732 itinere
1486 1669 1567 1730 ad
1608 1671 1824 1754 jugum
1860 1667 2183 1752 perrexit,
2232 1669 2397 1755 quod

282 1749 503 1812 hostes
546 1758 879 1832 ceperant,
967 1763 1152 1830 parte
1197 1750 1321 1811 alia
1362 1749 1637 1833 egressi.
1721 1751 1817 1812 ita·
1848 1768 2033 1810 caesa
2086 1751 2167 1812 ab
2214 1765 2399 1834 tergo

284 1830 519 1912 legio‚‘
567 1844 758 1912 atque
800 1830 870 1890 in
911 1829 1165 1903 medio,
1253 1851 1462 1914 quum
1486 1829 1693 1894 hostis
1734 1829 2023 1913 undique
2061 1847 2396 1914 urgueret,

221 1959 225 1964 .
281 1911 736 1972 circumventa.
817 1909 1115 1972 Deletam
1159 1929 1416 2006 quoque
1462 1909 1554 1970 ibi
1598 1911 1945 1992 legionem,
1990 1911 2077 1972 ita
2120 1927 2191 1973 ut
2234 1934 2399 1972 nun-

281 1993 409 2051 tius
455 2011 587 2052 non
631 2003 1028 2072 superesset,
1075 1991 1337 2074 quidam
1380 2004 1674 2060 auctores
1714 1991 1893 2052 sunt:
1960 2012 2084 2054 nec
2128 2005 2273 2053 ante
2313 1991 2397 2051 ad

281 2069 581 2132 consules
607 2113 624 2142 ,
685 2069 796 2154 qui
841 2069 960 2146 iam
1002 2071 1172 2132 haud
1211 2071 1439 2152 procul
1484 2093 1521 2130 a
1564 2071 1786 2134 Clusio
1827 2071 2119 2146 aberant,
2164 2071 2397 2132 samam

279 2149 420 2230 ejus
465 2149 666 2213 cladis
709 2153 1040 2231 perlatam,
1087 2172 1274 2234 quam
1315 2151 1383 2211 in
1428 2165 1781 2232 conspectu
1821 2151 2010 2213 fuere
2056 2155 2395 2215 Gallorum

279 2229 566 2315 equites,
639 2229 1015 2311 pectoribus
1077 2251 1393 2314 equorum
1436 2251 1748 2312 suspensa
1790 2245 2115 2314 gestantes
2160 2235 2399 2314 capita,

279 2325 346 2372 et
387 2311 631 2376 lanceis
677 2309 890 2385 infixa,
940 2325 1334 2392 ovantesque
1388 2311 1587 2375 moris
1647 2313 1749 2374 sui
1814 2313 2121 2375 carmine.
2209 2315 2393 2387 Sunt,

324 2392 388 2452 ui
431 2391 704 2454 Umbros
749 2389 972 2466 fuisse,
1019 2413 1154 2453 non
1193 2393 1439 2462 Gallos,
1480 2392 1773 2469 tradant-3
1818 2413 1939 2454 nec
1975 2406 2225 2454 tantum
2270 2396 2397 2456 cla-

277 2412 376 2534 35,
433 2485 798 2554 acceptum?
871 2485 952 2543 „et
1024 2472 1483 2534 circumventis
1555 2471 2037 2552 pabulatoribus
2107 2493 2261 2534 cum
2318 2479 2397 2536 L.

239 2553 519 2620 ,Manlio
563 2557 893 2634 Torquato
948 2552 1160 2634 legato
1203 2551 1581 2636 Scipionem
1642 2566 2135 2634 propraetorem
2176 2555 2397 2618 subsi-

276 2631 456 2694 dium
496 2651 533 2694 e
573 2632 806 2695 castris
849 2633 1100 2708 tulisse,
1145 2634 1559 2714 viatoresque
1601 2629 1897 2706 Umbros,
1942 2634 2203 2695 redinte
2254 2651 2397 2698 rato

249 2712 552 2795 ,proelim
595 2713 802 2775 victos
846 2732 1030 2787 esse,
1107 2714 1525 2796 captivosque
1570 2713 1667 2773 eis
1712 2735 1785 2776 ac
1825 2713 2127 2795 praedam
2154 2717 2209 2775 ⁴‘a
2262 2739 2397 2777 em·

277 2806 464 2856 tam..
509 2792 802 2856 Similius
845 2813 1004 2855 vero
1048 2808 1182 2868 est,
1265 2816 1303 2854 a
1348 2793 1539 2854 Gallo
1571 2791 1805 2867 hoste,
1890 2816 2079 2878 quam
2123 2796 2393 2868 Umbro,

275 2893 414 2936 eam
458 2871 708 2936 cladem
751 2888 1118 2954 acceptam;
1165 2872 1375 2958 quod,
1426 2893 1619 2956 quum
1660 2895 1852 2956 saepe
1892 2876 2087 2950 alias,
2133 2889 2269 2938 tum
2310 2899 2395 2938 eo

271 2974 464 3028 anno,
511 2953 746 3020 Gallici
783 2954 1086 3017 tumultus
1131 2953 1521 3036 praecipuus
1560 2967 1781 3028 terror⁸
1805 2954 2131 3018 civitatem
2159 2959 2391 3019 tenuit.

274 3037 494 3118 Itaque
535 3048 988 3119 praeterquam
1027 3035 1202 3118 quod
1244 3029 1430 3097 ambo
1474 3036 1771 3098 consules
1813 3036 2098 3118 profecti
2140 3039 2227 3120 ad,
2248 3039 2391 3101 bel-

273 3115 407 3176 lum
467 3127 654 3179 erant
718 3135 860 3176 cum
913 3113 1190 3198 'quatuor
1241 3115 1307 3176 le
1355 3113 1613 3176 ionibus
1684 3129 1751 3178 et
1808 3137 2040 3199 magno
2098 3119 2393 3202 equitatu

271 3197 590 3270 Romano,
676 3195 1151 3280 Campanisque
1195 3197 1307 3257 mil
1338 3217 1373 3257 e
1433 3193 1755 3280 equitibus
1814 3197 2107 3272 delectis,
2143 3231 2152 3238 ·
2194 3198 2281 3262 ad
2322 3199 2395 3260 id

181 3314 191 3324 ·
258 3275 516 3340 „bellum
574 3275 828 3348 missis,
915 3290 980 3336 et
1021 3277 1353 3338 sociorum
1402 3276 1813 3359 nominisque
1863 3277 2081 3340 Latini
2138 3279 2391 3360 majore

273 3357 585 3430 exercitu,
632 3377 822 3440 quam
863 3357 1169 3436 Romani3
1253 3355 1365 3418 alii
1406 3355 1531 3418 duo
1575 3359 1899 3420 exereitus
1938 3357 2111 3419 haud
2152 3361 2389 3441 procul

271 3435 444 3499 Urbe
489 3437 788 3499 Etruriae
831 3435 914 3498 ob
966 3437 1162 3513 ositi,
1221 3458 1386 3506 unus
1430 3437 1499 3498 iu
1536 3438 1824 3513 Falisco,
1884 3439 2049 3500 alter
2089 3439 2160 3499 in
2200 3441 2389 3504 Vati-

272 3537 430 3578 cano
475 3538 650 3600 agro.
739 3520 853 3580 Cn.
959 3517 1170 3580 ulvius
1211 3515 1277 3580 et
1317 3518 1392 3579 L.
1438 3519 1805 3581 Postumius
1838 3519 2181 3601 Megellus,
2228 3529 2387 3603 pro·

273 3609 610 3679 praetores
653 3597 862 3666 ambo,
905 3599 1130 3661 stativa
1171 3599 1238 3659 in
1286 3597 1386 3661 eis
1428 3597 1590 3660 loeis
1632 3599 1873 3662 habere
1916 3598 2095 3677 iussi.

431 3676 696 3740 xxvu.
779 3679 1094 3742 Consules
1137 3677 1218 3739 ad
1255 3677 1500 3750 hostes,
1558 3692 1968 3762 transgresso
2008 3681 2383 3763 Apennino,

276 3755 342 3816 in
389 3775 610 3835 agrum
651 3753 1046 3817 Sentinatem
1087 3769 1546 3839 pervenerunt.
1644 3760 1741 3821 Ibi
1784 3759 2055 3842 quatuor
2106 3763 2387 3823 millium

275 3833 486 3898 ferme
531 3833 878 3907 intervallo„
908 3849 1112 3899 castra
1156 3839 1391 3920 posita.
1474 3843 1653 3903 Inter
1688 3840 1911 3906 hostes*
1954 3841 2188 3904 deinde
2218 3851 2387 3905 con-

339 3977 406 4066 ⁵⁶)
439 3999 568 4051 aelle
601 3973 775 4057 Creu.
835 3955 1006 4060 131⁸&ss

2506 87 2509 172 s

2494 261 2509 352 l
