2534 4309
1537 3 1542 5 '
1593 3 1602 6 “
1639 1 1710 13 ’“Ἶ-
1762 1 1783 13 Ψ

459 153 592 222 L--1
644 173 682 223 n
729 174 774 224 r.
821 173 870 222 R
971 155 1092 222 lx.
1197 155 1252 222 C
1303 177 1347 221 Α
1401 175 1455 222 1².
1562 161 1669 228 [ιι.
1728 159 1849 228 Aa.
2074 146 2211 264 [αξη

87 341 258 402 bria
309 342 376 402 in
395 341 656 403 Samnio
695 340 870 403 bello
914 343 1040 403 alio
1085 360 1242 402 occu
1292 353 1461 400 atum
1502 337 1935 418 crediderant,
1978 337 2063 401 ita
2106 331 2217 399 εἰ.

89 421 366 493 terruit
397 420 705 496 Umbros,
779 435 849 482 ut
903 421 1012 482 alii
1071 441 1218 484 rece
1271 418 1505 480 endum
1564 416 1643 477 ad
1684 418 1877 481 urbes
1917 419 2213 491 munitas,

89 499 382 582 quidam
425 500 847 562 omittendum
899 500 1140 562 bellum
1195 512 1559 566 censerent.
1642 498 1835 580 Plaga
1876 521 2001 561 una
2056 499 2219 574 (Ma-

88 581 392 642 terinam
435 583 458 644 i
507 582 564 642 si
605 581 684 640 ad
733 581 954 658 ellant)
1029 603 1162 642 non
1219 579 1536 641 continuit
1594 577 1787 640 modo
1854 593 2105 642 ceteros
2148 578 2220 639 in

91 662 336 734 armis,
379 681 450 721 se
539 681 573 722 c
619 683 658 719 n
692 661 878 722 estim
919 660 998 722 ad
1039 674 1361 722 certamen
1404 659 1559 742 egit.
1624 672 1828 720 castra
1883 660 2219 722 vallantem

95 741 392 803 Fabium
433 742 552 802 ado
619 741 642 802 i
685 756 848 804 sunt.
935 743 1112 832 Quos
1175 740 1297 820 uhi·
1345 737 1585 800 effusos
1640 757 1835 798 ruere
1899 738 1968 798 in
2006 737 2218 799 muni-

93 833 334 882 menta
377 821 599 882 consul
639 820 823 894 vidit,
869 834 1204 884 revocatos
1246 820 1485 880 milites
1514 819 1590 878 ab
1612 837 1835 900 opere,
1922 832 2069 880 rout
2090 817 2221 880 loci

95 914 342 962 natura
387 913 766 984 tempusque
809 900 1190 982 patiebatur,
1236 899 1323 960 ita
1357 899 1659 960 instruxit
1676 897 1775 974 *):
1822 839 2219 961 coPhortatus-

31 1007 38 1015 ·
98 1001 239 1063 que
285 981 768 1061 praedicatione
807 1002 961 1044 vera
1007 999 1126 1074 qua
1185 980 1254 1040 in
1299 980 1568 1053 Tuscia,
1652 999 1771 1060 qua
1834 979 1902 1040 in
1955 978 2221 1040 Samnio

95 1073 448 1142 partorum
504 1059 808 1133 decorum
829 1105 846 1136 ,
932 1081 1225 1142 exlgunm
1284 1061 1707 1141 adpendicem
1754 1059 2019 1122 'Etru-sci
2062 1055 2221 1118 belli

97 1139 443 1203 conficere
485 1139 694 1218 jubet:
739 1153 804 1202 et
841 1141 1021 1203 vocis
1065 1140 1279 1221 inpiae
1318 1161 1559 1222 poenas
1605 1154 1935 1222 expetere,
1980 1151 2103 1222 q'ua
2146 1156 2219 1198 se

96 1221 347 1282 urbem
407 1223 756 1297 Romanam
813 1221 1292 1304 obpugnaturus
1364 1219 1587 1280 minati
1644 1233 1791 1310 sunt
1811 1219 1941 1298 st).
2040 1221 2221 1280 Haec

91 1313 290 1361 tanta
334 1315 483 1362 sunt
505 1301 827 1362 alacritate
851 1302 1123 1363 militum
1156 1301 1390 1372 audita,
1436 1313 1506 1361 ut
1538 1301 1799 1376 clamor,
1846 1321 1957 1360 sua
1990 1311 2220 1381 sponte

99 1393 336 1453 ortus,
393 1381 762 1465 loquentem
803 1381 1314 1462 interpellaverit
1368 1379 1611 1442 ducem.
1678 1393 1823 1442 ante
1878 1378 2223 1520 iffierium

101 1459 360 1520 deinde
414 1474 730 1523 concentu
789 1462 1081 1522 tubarum
1135 1480 1210 1522 ac
1265 1481 1577 1522 cornuum
1638 1481 1833 1523 cursu
1888 1481 1922 1520 e
2024 1481 2098 1523 so
2153 1459 2221 1519 in
2274 1527 2283 1536 Ι

97 1537 370 1602 hostem
411 1539 726 1602 feruntur.
812 1545 957 1602 Non
1000 1555 1317 1623 tamquam
1356 1541 1425 1601 in
1466 1541 1792 1604 viros-aut
1824 1553 2097 1602 armatos
2120 1539 2219 1600 in-

103 1632 418 1681 currunt:
463 1621 810 1698 (mirabilia
855 1622 1028 1684 dictu
1047 1623 1096 1716 l)
1141 1619 1325 1702 signa
1366 1622 1577 1702 primo
1620 1621 1789 1703 eripi
1832 1633 2059 1702 coepta
2086 1621 2219 1702 sig·
2316 1615 2323 1622 ’

99 1699 386 1777 niseris;
451 1701 687 1772 deinde
731 1702 859 1782 ipsi
913 1703 1216 1785 signiferi
1257 1703 1427 1764 trahi
1470 1701 1551 1763 ad
1590 1703 1952 1775 consulem,
2016 1721 2219 1762 arma-

97 1782 294 1863 tique
355 1781 592 1842 milites
647 1797 744 1842 ex
808 1783 946 1842 acie
1019 1782 1086 1844 in
1149 1783 1355 1844 aciem
1421 1783 1787 1846 transferri.
1858 1795 1963 1854 et‚·
1994 1779 2219 1848 ,sicubi

107 1874 220 1921 est
261 1873 624 1936 certamen,
684 1863 881 1924 scutis
924 1862 1147 1942 magis,
1191 1883 1378 1944 quam
1436 1862 1699 1944 gladiis,
1785 1861 2035 1946 geritur
2088 1879 2217 1922 res.

93 1939 512 2022 ‘Umbonibus
565 1941 947 2023 incussaque
1000 1947 1094 2004 ala
1134 1951 1509 2005 sternuntur
1548 1943 1789 2006 hostes.
1854 1942 2001 2026 plus
2045 1941 2219 2024 cepi-

104 2035 218 2082 tur
259 2021 586 2081 hominum
611 2065 628 2095 ‚
675 2041 862 2101 quam
894 2025 1214 2084 caeditur:
1260 2038 1451 2106 atque
1491 2045 1614 2084 una
1655 2045 1781 2086 vox
1824 2041 2072 2104 ponere
2114 2043 2219 2081 ar·

105 2123 216 2162 ma
259 2099 614 2180 jubentium
657 2121 788 2184 per
846 2115 1040 2164 totam
1083 2103 1293 2164 fertur
1335 2105 1559 2166 aciem.
1642 2107 1861 2198 Itaque
1904 2103 2073 2164 inter
2116 2100 2218 2184 ip·
2292 2127 2335 2135 ··

103 2203 256 2242 sum
327 2194 649 2242 certamen
719 2181 884 2242 sacta
953 2181 1199 2245 deditio
1275 2200 1374 2247 est
1436 2205 1471 2244 a
1541 2185 1771 2264 primis
1849 2181 2217 2244 auctoribus

99 2260 294 2322 belli.
337 2274 600 2342 postero
645 2260 1260 2344 insequentibusque
1304 2263 1532 2326 diebus
1578 2277 1643 2324 et
1701 2263 1905 2326 ceteri
1944 2259 2217 2323 Umbro·

99 2361 256 2435 rum
309 2339 913 2435 populi-deduntur.
1017 2345 1390 2409 Ocriculani
1453 2344 1805 2428 sponsione
1862 2343 1931 2405 in
1996 2340 2217 2404 amici-

101 2436 268 2482 tiam
313 2435 580 2502 accepti.

275 2503 469 2562 xLu.
551 2501 812 2574 Fabius,
875 2503 1122 2566 alienae
1163 2505 1361 2568 sortis
1400 2503 1614 2568 victor
1652 2505 1843 2577 belli,
1929 2503 2000 2564 in
2041 2503 2219 2562 sunam

153 2581 509 2645 'rovinciam
553 2583 906 2644 exercitum
946 2585 1220 2646 reduxit.
1267 2586 1484 2667 itaque
1528 2585 1611 2657 ei,
1674 2584 1759 2646 ob
1802 2603 1908 2644 res
1950 2595 2075 2643 tam
2118 2578 2217 2644 fe-

99 2605 331 2725 i‘icitcr
375 2676 583 2743 gestas
607 2705 624 2734 ‚
707 2662 876 2740 sicut
927 2664 1148 2745 priore
1201 2685 1370 2727 anno
1411 2665 1687 2748 populus
1740 2663 2220 2726 continuaverat

103 2743 528 2812 consulatum,
571 2741 655 2803 ita
697 2753 954 2804 senatus
999 2745 1065 2804 in
1105 2745 1551 2828 insequentem
1594 2766 1705 2806 an·
1824 2759 1897 2816 U.
1934 2777 1985 2815 c.
2024 2758 2145 2820 446.

101 2823 440 2901 num***)‚
485 2841 614 2902 quo
653 2823 776 2903 Ap.
805 2823 1140 2900 Claudiu8‚
1200 2828 1278 2886 L.
1318 2826 1699 2888 Volumnius
1825 2846 1871 2879 a.
1911 2827 1971 2879 C.
2010 2827 2133 2885 306.

103 2903 410 2968 consules
465 2901 748 2976 fuerunt,
791 2907 1184 2986 prorogavit,
1242 2906 1515 2968 maxime
1557 2906 1772 2987 Appio
1814 2905 2215 2984 adversante,

107 2983 476 3064 imperium.
520 2981 576 3044 A
628 2982 804 3062 pium
846 3003 1187 3046 censorem
1217 2987 1472 3068 petisse
1516 2989 1949 3062 consulatum,
2015 2991 2216 3051 comi-

105 3065 328 3144 tiaque
373 3059 510 3142 ejus
551 3059 585 3121 ‘a
671 3064 747 3124 L.
790 3064 991 3125 Furio
1034 3065 1292 3128 tribuno
1381 3067 1547 3130 lehis
1591 3067 2031 3150 interpellata,
2101 3071 2214 3133 do-

107 3163 236 3206 nec
277 3163 349 3202 se
392 3161 663 3204 censura
703 3142 1059 3217 abdicavit,
1123 3139 1190 3206 sn
1325 3171 1346 3206 1
1394 3146 1614 3208 usdam
1657 3147 1983 3209 annalibus
2026 3147 2211 3212 inve-

105 3225 248 3286 nio.
333 3223 595 3283 Crestus
635 3225 881 3297 cousul‚
930 3245 1118 3307 quum
1161 3165 1449 3310 colluegae
1490 3249 1724 3290 novum
1768 3227 2025 3304 bellum,
2073 3231 2210 3294 Sal-

105 3303 342 3367 lentini
382 3302 602 3364 hostes
649 3301 1172 3378 decernerentur,
1233 3311 1475 3370 Romae
1516 3307 1776 3378 mansit,
1836 3322 1906 3368 ut
1948 3310 2214 3373 urbanis
2268 3325 2282 3342 ·

107 3383 351 3446 artibus
393 3399 549 3462 opes
593 3397 876 3464 augeret,
921 3387 1172 3464 quando
1215 3387 1373 3450 belli
1418 3389 1612 3449 decus
1655 3407 1858 3469 penes
1902 3389 2063 3453 alios
2109 3411 2210 3454 es-

109 3478 234 3527 set.
313 3463 726 3526 Volumnium
765 3465 1138 3543 provinciae
1180 3465 1351 3528 haud
1375 3469 1716 3549 poenituit.
1760 3468 1951 3530 multa
1982 3491 2216 3535 secun-

111 3545 192 3605 da
231 3543 480 3625 proelia
521 3541 710 3604 fecit:
755 3544 997 3627 aliquot
1037 3547 1232 3608 urbes
1275 3548 1557 3610 hostium
1596 3550 1665 3612 vi
1694 3550 1887 3632 cepit.
1929 3553 2209 3636 praedae
2312 3591 2319 3596 ·

112 3635 252 3687 erat
303 3622 611 3704 largitor,
697 3636 762 3684 et
811 3623 1274 3709 benignitatem
1339 3647 1461 3709 per
1516 3650 1588 3692 se
1630 3644 1871 3711 gratam
1912 3633 2212 3694 comitate

109 3701 472 3783 adjuvabam
550 3703 951 3788 militemque
995 3706 1080 3769 iis
1123 3706 1371 3770 artibus
1430 3709 1676 3773 fecerat
1718 3725 1782 3776 et
1821 3711 2101 3793 periculi
2146 3725 2213 3776 et

177 3859 248 3940 a)
267 3875 470 3936 instrui}
514 3875 688 3940 Gron.
725 3876 880 3934 Gtev.
990 3877 1075 3946 *ὓ
1108 3879 1212 3932 sim
1247 3875 1395 3939 saed.
1497 3879 1617 3948 Μ’)
1684 3890 1889 3936 senatus
1924 3883 2219 3954 insequente

275 3957 411 3996 anno
445 3943 596 4009 saed.
1682 4017 1723 4062 Ι
