2534 4309
443 143 850 212 Lissa
949 135 1823 230 1X.CA1³.'18.19.
2026 136 2163 222 413

75 327 501 424 Quantalibet·
537 327 905 423 magnitudo
945 328 1227 392 hominis
1265 329 1669 412 concipiatur
1694 330 1934 404 animo,
1978 331 2168 396 unius

73 423 298 470 tamen
341 429 416 471 ea
457 409 825 489 magnitudo
875 409 1152 473 hominis
1197 409 1355 484 erit,
1420 411 1708 470 conlecta
1804 410 1969 471 aullo
2021 411 2167 492 plis

77 487 316 549 docem
359 509 668 550 annorum
715 487 1062 567 felicitate3
1167 511 1311 549 uam
1354 488 1463 572 qui
1504 511 1583 551 eo
1626 430 1951 564 extolilunt,
1996 509 2100 572 qu‹
2125 489 2169 552 d

77 568 360 650 populus
403 571 745 643 Romanus,
791 569 912 630 etsi
939 571 1117 630 nullo
1204 569 1351 642 ello,
1392 568 1605 629 multis
1647 569 1855 629 ‘tamen
1898 571 2166 649 proelis

77 648 296 708 victus
339 647 458 720 sit,
499 647 866 709 Alexandro
909 650 1144 710 nullius
1229 669 1437 731 ugnae
1474 670 1607 710 non
1648 648 1924 709 secunda
1963 648 2167 709 fcrtu-

79 749 166 788 na
207 725 442 805 suerit3
485 749 616 790 non
643 727 1024 811 intelligunt,
1069 749 1140 790 se
1201 729 1458 791 ominis
1500 747 1607 789 res
1650 741 1883 810 gestae,
1928 739 1991 788 et
2030 729 2167 808 ejus

80 806 376 887 juvenis,
435 828 576 868 cum
625 808 846 890 populi
901 808 1026 890 jam
1067 807 1670 892 octingentesimum
1721 805 2016 868 bellantis
2056 830 2165 868 an-

80 907 242 948 num
282 887 474 948 rebus
517 887 844 948 conferre.
928 888 1273 964 Miremur,
1316 889 1411 962 si,
1478 907 1669 972 quum
1712 909 1790 950 ex
1828 885 1947 947 hac
1988 901 2169 968 parte

79 965 305 1028 secula
344 967 525 1048 plura
565 983 1001 1043 numerentur,
1045 989 1230 1050 quam
1272 989 1351 1030 ex
1388 969 1495 1029 illa
1536 967 1705 1044 anni,
1750 968 1892 1050 plus
1936 966 2004 1026 in
2042 981 2166 1028 tam

83 1048 286 1140 longo
329 1046 558 1138 spatio,
603 1066 790 1128 quam
828 1048 896 1108 in
937 1062 1142 1109 aetate
1182 1048 1497 1110 tredecim
1539 1067 1870 1121 annorum,
1912 1042 2171 1110 fortuna

79 1125 475 1190 variaverit?
541 1127 714 1216 Quin
755 1141 824 1188 tu
863 1127 1142 1189 hominis
1188 1149 1333 1190 cum
1373 1128 1651 1201 homine,
1699 1141 1764 1188 et
1806 1126 1984 1188 ducis
2028 1147 2170 1196 cum

81 1206 291 1280 duce,
355 1205 676 1269 fortunam
726 1227 870 1270 cum
926 1207 1180 1276 fortuna
1243 1201 1557 1270 confers?
1638 1207 1811 1302 Quot
1850 1209 2169 1269 Romanos

81 1285 286 1346 duces
325 1286 704 1360 nominem,
745 1287 976 1370 quibus
1017 1308 1357 1368 numquam
1409 1286 1673 1350 adversa
1716 1287 1967 1348 fortuna
2010 1307 2169 1370 pug-

81 1385 212 1426 nae
250 1364 418 1426 suit?
498 1366 768 1449 Paginas
823 1369 892 1428 in
946 1367 1273 1428 annalibus
1330 1367 1805 1449 magistratuum
1864 1365 2172 1450 fastisque

83 1466 476 1528 percurrere
519 1445 692 1520 licet,
737 1448 1089 1522 consulum,
1149 1443 1657 1530 dictatorumque
1680 1489 1696 1519 ‚
1742 1465 2012 1528 quorum
2052 1465 2175 1508 nec

80 1525 377 1601 virtutis,
434 1545 552 1586 nec
593 1525 888 1588 fortunae
928 1528 1058 1588 ullo
1117 1526 1224 1587 die
1267 1527 1573 1610 populum
1614 1529 1965 1587 Romanum
2017 1545 2173 1607 poe-

81 1605 304 1668 nituit.
386 1609 505 1678 Et,
569 1625 696 1687 quo
737 1606 866 1668 sint
905 1605 1335 1668 mirabiliores
1353 1627 1385 1679 ‚‘
1435 1627 1619 1689 quam
1660 1605 2021 1668 Alexander
2070 1620 2176 1667 aut

86 1681 440 1768 quisquam'
468 1705 604 1758 rex,
651 1685 849 1748 denos
895 1687 1287 1768 vicenosque
1318 1685 1455 1747 dies
1482 1683 1753 1768 ⁴quidam'
1784 1683 2174 1759 dictaturam,

84 1785 279 1826 nemo
383 1767 479 1826 lus
525 1785 710 1846 quam
761 1787 994 1848 annum
1035 1765 1427 1828 consulatum
1468 1765 1714 1848 gessit:
1780 1765 1857 1825 ab
1899 1765 2175 1826 tribiffiis

87 1845 302 1928 plebis
333 1785 617 1906 delectus
650 1846 922 1927 inpediti
953 1860 1132 1908 sunt:
1175 1861 1324 1929 post
1348 1861 1597 1927 tempus
1620 1844 1699 1906 ad
1724 1844 1891 1905 bella
1922 1845 2172 1907 ierunt:

87 1937 243 1985 ante
295 1938 546 2006 tempus
603 1927 1010 1988 comitiorum
1069 1947 1289 1988 caussa
1352 1925 1637 1988 revocati
1678 1936 1859 1985 sunt:
1921 1925 1990 1986 in
2016 1927 2174 2008 ipso

90 2016 323 2066 conatu
367 2025 578 2064 rerum
617 2005 992 2102 circumegit
1033 2007 1104 2067 s'e
1148 2027 1385 2066 annus:
1441 2005 1725 2086 collegae
1765 2025 1932 2066 nunc
1970 2018 2174 2068 teme-

89 2083 272 2156 ritas,
319 2104 485 2166 nunc
527 2086 838 2168 pratitas,
896 2085 1333 2168 inpedimento
1375 2097 1480 2144 aut
1522 2083 1751 2145 damno
1790 2083 1948 2145 fuit:
2011 2087 2173 2146 male

135 2161 294 2224 estis
340 2161 532 2224 rebus
595 2165 855 2226 alterius
909 2184 1277 2226 successum
1336 2176 1471 2224 est:
1538 2163 1817 2224 tironem
1870 2177 1975 2224 aut
2014 2167 2174 2225 mala

135 2242 432 2324 isciplina
475 2243 827 2306 institutum
870 2245 1217 2306 exercitum
1260 2255 1661 2336 aeceperunt.
1722 2243 1829 2318 At,
1872 2247 2177 2312 Hercule,

89 2343 287 2417 reges
345 2343 474 2384 non
516 2323 710 2384 liberi
761 2325 967 2386 solum
1009 2323 1465 2406 inpedimentis
1522 2322 1844 2398 omnibus,
1900 2323 2019 2384 sed
2060 2323 2175 2386 do·

90 2405 256 2466 mim
297 2423 514 2464 rerum
554 2417 1076 2498 temporumque,
1119 2403 1375 2464 trahunt
1416 2401 1701 2464 consiliis
1746 2405 2002 2477 cuncta,
2044 2423 2177 2464 non
2274 2412 2289 2430 ·

91 2495 466 2566 sequuntur.
549 2487 823 2546 Invictus
879 2505 1035 2566 ergo
1078 2482 1441 2544 Alexander
1494 2503 1635 2543 cum
1696 2482 1952 2543 invictis
1998 2481 2175 2542 duci-

89 2565 208 2626 bus
255 2563 424 2622 bella
467 2563 792 2654 gessisset,
835 2577 899 2625 et
943 2563 1163 2624 eadem
1189 2563 1485 2624 fortunae
1523 2561 1794 2642 pignora
1834 2563 1904 2622 in
1946 2561 2177 2622 discri-

91 2663 244 2704 men
299 2641 651 2703 detuhsset.
715 2643 908 2704 immo
963 2643 1152 2704 etiam
1209 2663 1288 2704 eo
1343 2644 1486 2724 plus
1546 2640 1833 2724 periculi.
1874 2640 2173 2715 subisset,

93 2720 270 2805 quod
324 2721 718 2783 Macedones.
763 2743 958 2782 unum
1014 2721 1443 2783 Alexandrum
1496 2720 1897 2796 habuissent,
1960 2723 2174 2784 multis

91 2801 352 2864 casibus
397 2821 524 2860 non
567 2802 770 2864 solum
814 2802 1190 2870 obnoxium,
1232 2799 1348 2861 sed
1391 2801 1579 2862 etiam
1622 2801 2023 2864 obserentem
2063 2821 2175 2864 se:

87 2878 401 2944 Romanis
434 2881 614 2942 multi
643 2881 936 2956 fuissent,
981 2881 1361 2952 Alexandro,
1402 2883 1507 2943 vel
1546 2882 1771 2963 gloria,
1812 2882 1917 2945 vel
1957 2901 2176 2942 rerum

91 2955 558 3044 magnitudine,
602 2979 824 3042 pares;
911 2981 1178 3044 quorum
1222 2981 1339 3022 suo
1368 2960 1638 3042 quisque
1680 2962 1834 3035 fato,
1880 2959 2019 3022 sine
2057 2981 2175 3044 pu-

91 3042 268 3103 blico
313 3039 734 3113 discrimine‚.
753 3041 1002 3104 viveret
1043 3053 1549 3122 morereturque.
2110 3085 2120 3096 .

251 3119 424 3179 xlx.
503 3121 749 3193 Restat,
789 3135 859 3182 ut
899 3119 1123 3201 copiae
1167 3141 1244 3180 co
1296 3121 1376 3183 iis
1421 3141 1559 3181 com
1612 3132 1871 3183 arentur
1907 3120 2016 3182 vel
2056 3143 2175 3181 nu-

88 3221 315 3272 mero,
377 3200 479 3260 vel
521 3199 790 3261 militum
833 3219 1110 3284 genere,
1171 3220 1250 3262 ve
1316 3199 1566 3261 multitu
1616 3202 1720 3261 ine
1774 3201 2173 3262 auxiliorum.

88 3278 536 3342 Censebantur
577 3278 714 3360 ejus
755 3280 976 3341 aetatis
1019 3280 1236 3341 lustris
1278 3281 1524 3342 ducena
1559 3281 2003 3363 quinquagena
2033 3283 2176 3342 mil-

87 3359 170 3420 lia
215 3357 522 3440 capitum.
603 3363 694 3421 Ita
743 3381 858 3434 ue,
921 3360 988 3420 in
1043 3361 1212 3422 omni
1276 3359 1647 3422 defectione
1688 3363 2011 3422 sociorum
2050 3365 2177 3424 La·

45 3439 52 3448 '
91 3440 208 3500 tini
253 3438 536 3500 nominis
556 3482 573 3513 ‚
633 3461 713 3500 ur
758 3461 878 3501 ano
918 3459 1126 3522 prope
1171 3438 1425 3502 delectu
1468 3439 1691 3512 decem
1733 3439 2179 3504 scribebantur

90 3519 412 3601 legiones.
455 3521 746 3602 quaterni
836 3535 838 3538 ’
881 3519 1098 3614 iniq-ue
1143 3521 1465 3600 exercitus
1508 3540 1703 3601 saepe
1743 3541 1865 3602 per
1906 3543 2020 3584 eos
2064 3546 2175 3583 an-

89 3619 202 3660 nos
247 3599 324 3659 in
365 3598 616 3660 Etruria
639 3643 655 3672 ‚
701 3599 770 3660 in
866 3599 1102 3674 mbria,
1149 3600 1351 3661 Gallis
1390 3597 1683 3667 hostibus
1726 3599 2059 3679 adjunctis,
2105 3603 2175 3662 in

175 3677 395 3751 iunio,
459 3679 524 3738 in
574 3681 850 3742 Lucanis
909 3680 1215 3763 gerebant
1274 3679 1530 3742 bellum.
1624 3683 1879 3742 Latium
1938 3680 2175 3742 deinde
2270 3711 2277 3719 ·

191 3777 282 3820 ne
327 3777 470 3820 cum
509 3758 786 3834 Sabinis,
834 3773 900 3822 et
944 3756 1220 3834 Volscis,
1265 3773 1332 3822 et
1370 3757 1636 3843 Aequis,
1682 3774 1749 3821 et
1790 3761 1965 3822 omni
1994 3763 2177 3822 Cam-

95 3840 308 3916 pania,
356 3851 424 3898 et
525 3837 660 3900 arte
718 3839 1020 3901 Umbriae
1061 3838 1491 3922 Etruriaeque
1532 3851 1599 3902 et
1636 3839 2047 3910 Picentibus,
2110 3851 2177 3899 et

93 3918 347 3992 Marsis,
392 3919 484 3978 Pe
513 3919 830 4003 ignisque,
873 3937 946 3981 ac
986 3920 1285 3982 Vestinis
1325 3931 1514 4002 atque
1551 3919 1805 4002 Apulis,
1842 3915 2169 3996 adjuncta·

644 4193 670 4206 l
