2534 4309
805 0 836 18 v
1293 0 1296 2 Δ
1435 1 1440 3 -
1519 0 1624 9 -.-”-
1659 1 1674 4 —-
1777 1 1828 4 ---
1857 1 1928 4 --v-
1993 0 2116 10 --v—*r-

385 191 442 262 L
491 174 526 261 ι’
567 211 606 260 a
659 211 702 262 E
752 210 802 260 n
903 137 1084 276 VII-I.
1188 193 1244 262 C
1298 215 1343 258 A
1394 211 1456 260 ι).
1570 211 1679 277 ιο.Ι
1743 211 1855 260 ιι.
2052 185 2195 260 565

73 380 454 467 praebuere
491 397 811 460 terrorem
855 378 1122 445 Latinis.
1209 383 1509 444 Ceterum
1551 377 1727 444 inter
1766 401 1987 444 omnes
2019 379 2203 444 cives

39 465 438 548 ‚sociosque
481 463 830 547 praecipua
873 463 1010 524 laus
1057 463 1193 544 ejus
1234 463 1393 524 belli
1444 483 1651 544 penes
1703 463 1997 523 consules
2038 463 2197 525 suite

75 567 360 628 quorum
399 546 567 608 alter
607 551 832 606 ox'nnes
887 545 1093 604 minas
1133 543 1551 626 periculaque
1604 541 1683 604 ab
1739 543 1887 603 Diis
1942 544 2197 624 superis

71 626 450 706 inferisque
494 626 564 686 in
606 644 696 700 se=
722 645 916 684 unum
956 623 1184 685 vertit:
1229 625 1393 684 alter
1436 644 1510 684 ea
1534 624 1771 685 virtute
1798 643 2004 704 eoque
2042 644 2199 686 con-

73 706 232 768 silio
279 706 346 766 in
388 705 644 788 proelio
690 701 834 778 suit,
879 717 952 766 ut
987 703 1181 766 facile
1224 703 1603 766 convenerit
1658 704 1832 764 inter
1870 706 2201 768 Romanos

29 799 31 804 '
71 788 506 870 Latinosque,
550 784 662 867 qui
705 784 843 862 ejus
885 805 1139 866 pugnae
1181 785 1559 846 memoriam
1598 784 1881 866 ‘posteris
1912 783 2199 845 tradide-

34 869 35 872 ’
77 880 260 939 runt,
309 869 514 928 utrius
540 864 762 946 „partis
806 869 883 926 T.
927 865 1204 926 Manlius
1249 864 1377 924 dux
1418 864 1683 938 fuisset,
1742 863 1880 945 ejus
1922 863 2201 926 suturam

73 947 254 1008 haud
298 946 492 1008 dubie
532 945 737 1008 fuisse
783 944 1139 1008 victoriam.
1223 945 1441 1006 Latini
1482 966 1561 1006 ex
1602 945 1750 1027 suga
1776 965 1779 970 ·
1806 965 1877 1006 sc
1919 945 2201 1005 Mintur-
2260 1000 2271 1012 ,

28 1029 30 1032 ’
73 1049 190 1088 nas
237 1027 674 1090 contulerunt.
720 1039 925 1086 castra
969 1023 1317 1087 secundum
1361 1027 1683 1107 proelium
1738 1037 1941 1105 capta,
1984 1025 2201 1085 multi-
2296 1059 2301 1062 ·

29 1117 31 1120 ⁴
76 1128 204 1190 que
247 1109 560 1171 mortales
607 1103 701 1166 ibi
743 1105 878 1170 vivi
923 1103 1242 1188 obpressi,
1288 1107 1561 1167 maxime
1594 1105 1921 1187 Campani.
2006 1105 2203 1167 Decii

73 1209 320 1270 corpus
361 1207 446 1249 ne
488 1208 570 1249 eo
616 1186 722 1248 die
765 1184 1190 1260 inveniretur,
1235 1207 1367 1247 nox
1410 1201 1797 1271 quaerentes
1853 1183 2199 1265 obpressit.

73 1284 350 1352 postero
394 1267 502 1330 die
531 1267 893 1330 inventum
945 1267 1120 1328 inter
1171 1267 1509 1327 maximam
1560 1267 1843 1328 hostium
1892 1279 2197 1347 stragem,

73 1362 465 1432 coopertum
506 1348 690 1424 telis3
736 1347 1058 1432 funusque
1103 1346 1166 1407 ei
1203 1367 1324 1427 par
1364 1345 1589 1420 morti,
1647 1347 2017 1408 celebrante
2062 1347 2199 1409 col-
2245 1410 2251 1418 ,

28 1503 30 1506 y
73 1431 139 1491 le
187 1453 246 1506 a,
291 1429 530 1492 factum
571 1441 692 1490 est.
777 1426 947 1490 Illud
985 1425 1419 1506 adjiciendum
1462 1426 1741 1504 videtur,
1794 1427 1997 1504 licere
2040 1445 2198 1489 con-

77 1510 203 1572 sui
245 1508 679 1592 dictatorique
723 1520 789 1568 et
828 1506 1138 1589 praetori,
1185 1525 1381 1587 quum
1421 1507 1717 1589 legiones
1751 1507 2035 1570 hostium
2080 1507 2201 1570 de·
2268 1569 2273 1574 ,

75 1605 310 1654 voveat
344 1585 442 1670 *);'
476 1609 610 1650 non
650 1585 873 1671 utique
917 1607 1013 1660 se,
1057 1586 1174 1669 sed
1217 1607 1407 1670 quem
1450 1587 1609 1650 velit
1650 1608 1730 1648 ex
1770 1587 2034 1670 legione
2059 1591 2199 1652 Ro-

76 1693 260 1734 mana
299 1671 545 1754 scripta
587 1667 828 1740 civem,
888 1666 1246 1731 devovere=
1333 1668 1392 1730 si
1434 1668 1492 1730 is
1533 1669 1761 1741 homo,
1838 1669 1950 1753 ‘qui
1994 1665 2197 1733 devo-

79 1765 179 1812 tus
226 1766 348 1822 est,
389 1747 684 1822 moritur,
728 1746 936 1829 probe
981 1747 1220 1810 factum
1260 1747 1512 1810 videri:
1569 1749 1641 1810 ni
1679 1748 1993 1824 moritur,
2060 1763 2194 1812 tum
2242 1823 2249 1832 .

85 1831 340 1908 signum
383 1840 632 1910 septem
721 1827 877 1888 edes
921 1827 1136 1904 altum,
1182 1839 1289 1890 aut
1329 1825 1567 1908 majus,
1612 1826 1681 1890 in
1727 1845 1964 1894 terram
2006 1829 2193 1892 deso-

85 1905 171 1980 «li,
219 1919 286 1969 et
328 1905 653 1990 piaculuni
739 1909 968 1970 ostiam
992 1908 1094 1988 fl)
1137 1908 1341 1971 caedi.
1424 1909 1549 1972 Ubi
1596 1909 1755 1971 illud
1797 1910 2049 1992 signum
2076 1910 2191 1972 de·-

79 1986 320 2050 fossum
391 1988 550 2061 crit,
636 2009 714 2050 eo
769 1989 1212 2071 magistratum
1263 1989 1622 2052 Romanum
1682 1990 2037 2053 escendere
2089 1992 2191 2052 sas

79 2087 202 2127 non
247 2088 416 2130 esse.
505 2069 624 2132 Sin
663 2082 873 2130 autem
915 2089 1062 2130 sese
1107 2069 1429 2133 devovere
1469 2070 1665 2144 volet,
1710 2071 1902 2147 sicuti
1941 2071 2190 2135 Decius

81 2145 374 2227 devovit3
416 2147 486 2210 ni
529 2150 825 2223 moritur,
871 2169 1084 2234 neque
1127 2169 1333 2222 suum,
1376 2171 1592 2234 neque
1680 2151 1963 2212 ublicum
2020 2151 2186 2214 divi-

79 2247 224 2294 num
265 2249 432 2324 pure
472 2229 690 2302 faciet,
735 2228 844 2310 qui
888 2248 1034 2290 sese
1077 2228 1430 2292 devoverit.
1516 2231 1617 2294 Vu
1644 2250 1802 2291 cano
1844 2253 2015 2292 arma
2046 2225 2195 2294 sive

78 2309 178 2368 rui
217 2307 330 2370 ahi
369 2309 540 2373 Divo
583 2329 828 2372 vovere
869 2309 1045 2371 volet
1061 2308 1223 2388 ***)‚
1267 2310 1407 2374 sive
1448 2310 1658 2372 hostia
1702 2312 1841 2374 sive
1884 2332 2031 2394 quox
2053 2309 2200 2374 alio·

79 2389 264 2463 volet,
305 2387 408 2470 jus
453 2403 552 2452 est
573 2387 779 2468 ***'*).
866 2391 1052 2464 Telo,
1093 2411 1291 2474 super
1340 2390 1514 2476 quod
1547 2403 1722 2454 stans
1765 2393 1987 2454 consul
2026 2393 2182 2476 pre-
2262 2390 2275 2414 ⁸

79 2482 247 2529 catus
293 2484 416 2544 est,
457 2469 708 2532 hostem
748 2471 974 2551 potiri,
1017 2471 1115 2531 fas
1157 2489 1293 2533 non
1337 2485 1477 2534 est:
1522 2471 1582 2533 si
1623 2471 1929 2553 potiatur,
1982 2471 2180 2536 Marti

79 2547 612 2611 suovetaurilibus
654 2547 974 2634 piaculum
1015 2547 1184 2612 fieri.

231 2629 342 2690 XI.
425 2631 624 2705 Haec,
672 2629 826 2710 (etsi
871 2631 1078 2694 omnis
1123 2630 1333 2694 <livini
1374 2629 1755 2715 humanique
1796 2630 1997 2694 moris
2038 2653 2177 2694 me-

79 2708 274 2772 moria
317 2707 620 2786 abolevit,
663 2731 829 2773 nova
873 2711 1353 2795 peregrinaque
1398 2712 1611 2774 omnia
1652 2711 1892 2793 priscis
1946 2731 2020 2774 ac
2061 2733 2177 2794 pa·
2220 2747 2225 2759 ·

79 2785 214 2848 triis
255 2787 721 2872 praeferendo)
763 2789 934 2851 haud
975 2789 1054 2852 ab
1097 2812 1171 2853 re
1213 2793 1387 2864 duxi,
1430 2787 1652 2855 verbis
1696 2811 1952 2876 quoque
1985 2792 2173 2874 ipsis,

79 2880 144 2926 ut
197 2869 428 2932 tradita
488 2885 976 2956 nuncupataque
1035 2886 1226 2946 sunt,
1303 2871 1579 2934 referre.
1662 2871 1969 2934 Romanis
2022 2887 2194 2954 post÷
2240 2873 2243 2880 ’

79 2951 390 3024 proelium
433 2949 684 3013 demum
728 2952 962 3014 sactum
1005 2953 1325 3014 Samnites
1370 2951 1629 3014 venisse
1672 2952 2001 3028 subsidio,
2059 2973 2140 3014 ex

79 3044 358 3106 spectato
401 3047 634 3113 eventu
673 3052 950 3115 pugnae,
996 3033 1163 3113 apud
1208 3033 1514 3117 quosdam
1555 3045 1851 3096 auctores
1884 3024 2169 3096 invenio.

28 3129 30 3132 ’
77 3107 318 3173 Latinis
372 3131 630 3196 quoque
691 3106 770 3172 ab
813 3112 1082 3174 Lavinio
1141 3113 1481 3187 auxilium,
1547 3112 1696 3174 dum
1750 3111 2171 3177 deliberando

81 3198 282 3275 terunt
321 3205 595 3275 tempus,
652 3189 841 3255 victis
891 3193 1152 3254 demum
1201 3190 1369 3256 ferri
1426 3206 1745 3274 coeptum.
1798 3207 1898 3268 et,
1976 3215 2170 3278 quum

77 3283 193 3342 Jam
232 3269 442 3365 portis
482 3275 692 3355 prima
749 3274 930 3338 sinna
985 3285 1052 3336 et
1107 3293 1258 3355 pars
1318 3271 1591 3356 agminis
1649 3287 1822 3335 esset
1876 3293 2166 3369 egnessa,
2228 3311 2235 3323 =
2331 3268 2339 3276 ’

81 3364 291 3414 nuntio
336 3351 546 3416 adlato
592 3354 673 3416 de
716 3354 810 3414 cla
859 3374 896 3414 e
939 3353 1337 3427 Latinorum,
1380 3373 1571 3436 quum
1592 3372 1926 3420 conversis
1958 3355 2169 3438 signis

82 3443 248 3518 :jetro
290 3433 358 3493 in
401 3434 628 3496 urbem
670 3433 1016 3508 rediretur,
1061 3447 1429 3517 praetorem
1471 3454 1695 3496 eorum
1734 3434 1997 3496 nomine
2038 3436 2165 3498 Mi·

78 3503 332 3572 lienium
375 3510 616 3576 dixisse
660 3515 900 3588 ferunt,
941 3536 1052 3593 pro
1092 3513 1353 3594 paullula
1391 3513 1485 3578 m'a
1524 3531 1805 3592 magnam
1842 3517 2169 3576 mercedem

83 3583 348 3653 Romanis
385 3613 498 3656 esse
533 3595 891 3655 solvendam.
995 3593 1126 3685 Qui
1182 3595 1565 3659 Latinorum
1620 3613 1874 3676 pugnae
1935 3614 2164 3676 super-

82 3663 356 3747 fuerant,
441 3674 655 3737 multis
699 3672 1043 3737 itineribus
1087 3671 1424 3758 dissipati,
1513 3695 1705 3757 quum
1749 3695 1819 3736 se
1862 3673 2167 3746 inunum

83 3751 598 3842 cpnglobassent‚
657 3753 895 3821 Vescia
953 3754 1111 3819 urbs
1172 3754 1271 3846 eis
1324 3753 1801 3837 receptaculum
1839 3754 1982 3818 fuit.
2064 3755 2168 3823 Ibi

77 3853 308 3882 *Q-

143 3917 196 3982 ⁶)
228 3921 506 3977 devoveant
541 3923 712 3984 Gron.
752 3925 906 3982 CreV.
975 3925 1066 3990 ””)
1103 3922 1272 3978 hostia
1308 3913 1480 3985 Gron.
1516 3922 1690 3988 Drak,
1760 3923 1881 3993 *”)
1914 3887 2165 3978 devoven

234 3989 400 4047 Gron.
439 3993 592 4075 em,
663 3996 812 4062 '‘***)
850 4007 953 4048 esto
990 3993 1144 4052 Coev,

422 4163 436 4206 ι’
