2534 4309
312 135 447 181 no
662 118 2080 187 Lnnnalss.CA1›.u.n.-

312 304 741 370 contumeliae
784 303 1141 367 abfer-rent.
1224 304 1436 370 Kaeso
1481 319 1619 369 erat
1657 303 2037 393 Quinctius,
2079 304 2268 369 ferox
2309 305 2411 385 iu·
2501 314 2516 331 ⁸

308 384 495 448 venis
523 430 540 460 ,
586 406 710 469 qua
751 385 1091 447 nobilitate
1134 386 1382 467 gentis,
1465 407 1588 470 qua
1629 386 1926 467 corporis
1967 384 2413 470 magnitudine

308 477 375 527 et
418 464 689 530 viribus.
733 465 811 527 ad
856 486 932 526 ea
971 486 1257 539 munera,
1319 464 1460 525 data
1503 488 1537 526 a
1579 466 1764 541 Diis,
1831 480 1898 528 et
1939 467 2082 549 ipse
2140 466 2410 529 addide-

306 558 407 605 rat
444 546 640 607 multa
680 544 838 607 belli
884 544 1139 619 decora,
1184 544 1674 629 facundiamque
1717 546 1782 607 in
1825 546 2019 625 sor03
2081 561 2153 608 ut
2191 568 2410 622 nemo,

308 646 439 689 non
481 626 695 708 lingua
716 669 733 699 ,
792 646 921 686 non
962 646 1152 687 manu
1172 668 1188 698 ‚
1271 626 1588 707 promtior
1629 627 1698 687 in
1738 625 1998 689 civitate
2039 626 2413 693 baberetur.

306 704 476 777 Hie,
538 728 729 788 quum
774 705 839 765 in
880 704 1096 767 medio
1138 709 1400 775 Petrum
1439 706 1692 788 agmine
1733 707 2172 781 constitisset,
2245 708 2414 769 emi-

306 805 473 847 nens
516 786 689 847 inter
728 786 890 846 alios
916 829 933 859 ,
1000 786 1179 849 velut
1240 806 1464 849 omnes
1519 784 1862 848 dictaturas
1913 788 2416 882 consulatusque

200 917 213 929 .
306 884 546 948 gerens
592 854 659 926 in
704 883 860 929 voce
904 886 977 927 ac
1019 864 1267 928 viribus
1311 867 1467 940 suis,
1511 888 1676 929 unus
1719 868 1784 927 in
1837 882 1977 929 etus
2021 867 2414 930 tribunicios

359 942 789 1029 opularesquc
880 946 1149 1007 rocellas
1170 945 1549 1007 sustinebat.
1631 950 1776 1009 Hoc
1837 968 1976 1019 uce,
2022 948 2416 1030 saepe‘pulsi

341 1042 458 1087 oro
504 1026 771 1099 tribuni,
815 966 957 1087 lpusa
1000 1046 1075 1087 ac
1114 1025 1330 1121 fugata
1373 1026 1564 1109 plebs
1606 1041 1727 1089 est.
1817 1027 1883 1088 ui
1927 1026 2155 1091 obvius
2171 1028 2410 1102 fuerat,

312 1107 621 1169 mulcatus
666 1104 1063 1190 nudatusque
1106 1104 1364 1169 abibat?
1449 1120 1518 1169 ut
1557 1106 1710 1171 satis
1753 1130 1788 1169 a
1833 1123 2124 1189 pareret,
2209 1107 2268 1171 si
2312 1108 2416 1170 sic

308 1186 414 1267 agi
456 1186 706 1261 liceret,
754 1185 981 1249 victam
1024 1186 1235 1269 legem
1277 1206 1447 1249 esse.
1530 1190 1715 1263 Tum,
1757 1208 1966 1269 prope
2007 1186 2416 1269 jampercul-

307 1270 400 1327 sis
442 1266 585 1329 aliis
628 1265 928 1341 tribunis,
972 1266 1049 1328 A.
1090 1266 1452 1349 Virginius,
1497 1288 1576 1329 ex
1617 1267 1894 1349 collegio
1935 1290 2122 1343 unus,
2164 1268 2414 1331 Raeso-

308 1347 379 1407 ni
420 1344 651 1429 capitis
697 1344 867 1407 diem
908 1346 1084 1409 dicit.
1131 1360 1312 1409 atrox
1354 1346 1683 1430 ingenium
1722 1346 2105 1410 accenderat
2135 1368 2216 1411 eo
2237 1346 2414 1429 sacto

308 1426 537 1505 magis,
665 1447 785 1486 tam
828 1440 1310 1488 conterruerat:
1379 1446 1462 1489 eo
1505 1429 1716 1490 acrius
1759 1427 2015 1489 obstare
2056 1428 2230 1509 legi,
2273 1428 2414 1510 agi-

310 1520 465 1567 tare·
490 1506 598 1587 ple
649 1525 773 1579 em,
818 1506 1117 1567 tribunos
1160 1508 1338 1569 velut
1375 1504 1544 1585 justo
1585 1506 1896 1591 persequi
1921 1506 2117 1571 bello.
2199 1510 2414 1569 Accu-

314 1600 492 1649 sator
534 1586 667 1667 pati
708 1606 889 1659 reum
929 1604 1143 1662 ruere,
1189 1584 1601 1671 invidiaeque
1645 1585 1956 1649 flammam
1975 1608 2048 1651 ac
2081 1587 2418 1649 materiam

313 1664 695 1727 criminibus
742 1665 878 1729 suis
918 1666 1311 1748 subgerere:
1371 1664 1586 1749 legem
1627 1667 1927 1741 interim,
1989 1689 2122 1729 non
2161 1682 2292 1728 tam
2333 1664 2420 1728 ad

312 1766 497 1839 spem
535 1744 951 1826 perferendi,
1026 1767 1213 1829 quam
1250 1742 1336 1807 ad
1371 1746 1812 1812 lacessendam
1853 1748 2166 1811 Raesonis
2207 1760 2416 1810 teme-

312 1838 586 1897 ritatem,
631 1824 832 1888 ferre.
914 1826 1013 1887 lbi
1052 1826 1270 1900 multa,
1317 1846 1510 1908 saepe
1551 1827 1629 1888 ab
1673 1826 2004 1909 juventute
2047 1827 2418 1893 inconsulte

313 1902 484 1966 dicta
526 1904 843 1988 factaque,
889 1904 957 1966 in
998 1907 1189 1967 unius
1208 1904 1520 1970 Kaesonis
1566 1921 1934 1990 suspectum
1974 1906 2268 1970 incidunt
2309 1907 2412 1967 in-

312 1982 611 2065 genium:
658 1998 865 2065 tamen
907 1986 1041 2068 legi
1080 1985 1534 2051 resistebatur.
1613 1990 1700 2050 Et
1727 1988 1804 2051 A.
1827 1987 2162 2069 Virginius
2207 1987 2418 2050 idem-

310 2062 512 2125 tidem
554 2064 770 2147 plebi:
828 2066 1063 2145 Ecquid
1100 2066 1320 2127 sentitis
1346 2070 1495 2142 jam,
1579 2088 1696 2141 vos,
1737 2068 2030 2145 Quirites,
2088 2069 2416 2129 Kaesonem

313 2145 491 2205 simul
542 2146 729 2205 civem
784 2148 839 2206 'et
896 2147 1079 2225 legem
1097 2188 1119 2219 ,
1200 2166 1378 2221 quam
1427 2167 1504 2207 eu
1543 2146 1638 2209 itis
1653 2188 1674 2219 ‚
1757 2148 1966 2209 habere
2024 2169 2145 2207 non
2203 2168 2364 2227 posse
2381 2145 2418 2209 ?

315 2226 689 2301 Quamquam
728 2225 873 2304 quid
908 2246 1018 2303 ego
1059 2226 1245 2304 legem
1285 2169 1539 2305 loquor-5
1612 2228 1866 2287 libertati
1920 2228 2132 2297 obstat,
2215 2248 2418 2289 omncs

320 2304 667 2383 Tarquinios
720 2306 989 2385 superbia
1028 2317 1351 2385 exsuperat.
1433 2308 1774 2385 Exspectate
1787 2348 1808 2379 ,
1869 2308 2014 2365 dum
2071 2308 2276 2367 consul
2309 2318 2418 2367 aut

324 2385 582 2443 dictator·
604 2384 758 2458 fiat,
843 2406 1011 2463 quem
1066 2386 1366 2464 privatum
1406 2388 1620 2447 viribus
1677 2398 1732 2447 et
1781 2388 2034 2447 audacia
2071 2397 2420 2465 regnantem

322 2464 545 2525 videus.
631 2463 1179 2529 Adsentiebantur
1217 2466 1424 2541 multi,
1469 2468 1756 2547 pulsatos
1797 2487 1868 2529 se
1912 2480 2260 2549 querentes
2281 2510 2300 2541 ,
2347 2480 2416 2529 et

320 2544 653 2605 tribunum
693 2544 773 2605 ad
812 2567 949 2611 resn
992 2546 1418 2628 peragendam
1459 2546 1628 2609 ultro
1673 2546 2041 2607 incitabant.

260 2632 271 2641 ’
482 2628 622 2687 xu.
704 2628 841 2687 Jam
884 2624 1104 2687 aderat
1143 2625 1385 2705 judicio
1427 2624 2140 2711 dies„adparebatque,
2216 2626 2418 2709 vulgo

320 2702 616 2767 homines
662 2706 729 2767 in
776 2706 1176 2769 damnatione
1216 2707 1528 2769 liaesonis
1571 2706 1934 2768 libertatem
1975 2706 2080 2788 agi
2119 2705 2418 2769 credere.

319 2799 453 2847 tum
514 2776 769 2848 deinum
828 2801 1083 2849 coactus
1144 2808 1288 2849 cum
1355 2788 1552 2850 multa
1607 2786 1991 2869 indignitate
2061 2786 2420 2867 prensabat

318 2864 636 2960 singulos.
695 2866 1131 2950 sequebantur
1170 2868 1546 2941 necessarii,
1611 2867 1945 2951 principes
1987 2866 2287 2928 civitatis.
2333 2872 2422 2927 Τ.

318 2946 659 3040 Quinctius
680 2948 1103 3029 Capitolinus,
1150 2949 1259 3031 qui
1303 2961 1405 3009 ter
1445 2948 1672 3011 consul
1711 2946 1941 3019 fuerat,
1988 2968 2178 3031 quum
2217 2947 2420 3009 multa

317 3026 603 3089 referret
644 3048 756 3088 sua
798 3027 1207 3111 familiaeque
1252 3024 1528 3103 decora,
1611 3026 2018 3089 adfirmabat:
2104 3026 2306 3105 Neque
2351 3028 2418 3089 ιή

320 3106 600 3181 Quinctia
652 3118 823 3186 gente
840 3151 861 3179 ‚
940 3129 1119 3186 neque
1174 3109 1237 3168 in
1295 3109 1526 3169 civitate
1565 3106 1836 3169 Romana
1889 3118 2114 3167 tantam
2155 3106 2420 3167 indolem

320 3194 445 3243 tam
487 3198 749 3247 maturae
790 3190 1019 3251 vir-tuuis
1062 3208 1339 3266 umquam
1377 3190 1668 3249 exstitisse.
1751 3190 1940 3249 Suum
1977 3188 2238 3267 primum
2271 3186 2422 3249 ‚mi-

317 3264 475 3323 litem
500 3267 723 3343 stetisse.-
764 3290 823 3329 se
858 3288 1022 3347 saepe
1064 3270 1292 3331 vidente
1329 3289 1610 3347 pugnasse
1649 3269 1712 3327 in
1731 3267 1966 3329 hostem.
2013 3268 2126 3348 Sp.
2149 3265 2420 3342 Furius,

168 3354 177 3369 ⁸
219 3346 242 3430 J
320 3346 559 3405 missum
596 3348 671 3406 ab
713 3347 988 3442 Quinctio
1031 3348 1364 3427 Capitolino
1401 3348 1516 3411 sibi
1551 3368 1686 3409 eum
1727 3348 1790 3407 in
1830 3347 2026 3409 dubiis
2075 3346 2192 3407 suis
2249 3348 2424 3407 rebus·

318 3427 531 3487 venisse
568 3427 841 3487 subsidw.
887 3430 1179 3491 neminem
1218 3448 1402 3487 unum
1441 3448 1552 3489 esse
1567 3470 1590 3500 ,
1652 3432 1813 3505 cujus
1855 3426 2042 3507 magis
2081 3446 2420 3507 opera-,pu-

320 3515 399 3565 tet
440 3528 563 3567 rem
590 3504 643 3581 ⁸)
687 3508 1031 3569 restitutam.
1114 3512 1190 3571 L.
1232 3508 1616 3583 Lucretius,
1683 3510 1906 3569 consul
1949 3506 2102 3569 anni
2141 3506 2416 3587 prioris,

318 3585 573 3649 recenti
614 3586 822 3669 gloria
864 3588 1101 3661 nitens,
1148 3609 1292 3649 suas
1333 3588 1552 3651 laudes
1591 3590 1984 3670 participare
2013 3607 2156 3648 cum
2175 3588 2422 3649 Kaeso-

318 3684 442 3739 ne‚
487 3686 845 3729 memorare
887 3689 1174 3755 pugnas,
1230 3668 1492 3733 'referre
1557 3670 1818 3753 egregia
1859 3670 2187 3743 facinora,
2241 3690 2426 3731 nunc

320 3746 389 3805 in
434 3747 981 3829 expeditionibuS,
1025 3770 1195 3815 nunc
1236 3746 1309 3812 in
1351 3751 1525 3815 acie:
1567 3748 1838 3815 suadere
1882 3764 1948 3815 et
1987 3768 2276 3822 monere,
2305 3752 2428 3825 jw-

307 3950 321 3963 .
384 3914 443 3977 ¹³)
475 3882 1039 3986 ›vnipuble'cam'Grom
1082 3922 1236 3979 Crev.
