2534 4309
292 174 421 240 116
731 114 1340 239 Ll-sssnill.
1441 154 1701 223 Cn».
1789 144 1977 245 758.

278 374 574 448 tectaque
628 357 856 443 procul
904 350 1043 415 visa
1096 358 1286 430 atque
1355 338 1744 405 inminentes
1797 332 2025 400 tumuli
2077 345 2380 395 avertere

280 460 526 509 mentes
555 460 819 517 eorum3
861 447 953 506 ut,
996 429 1151 491 totis
1192 426 1430 519 passim
1455 422 1682 483 castris
1721 418 1982 479 fremitu
2023 428 2188 486 orto,
2233 413 2384 492 quid

274 520 369 587 in‘*
392 536 551 585 vasto
604 544 676 583 ac
716 520 939 581 deserto
992 530 1142 589 agro
1197 516 1350 565 mter·
1403 504 1590 561 tabem
1629 519 1906 581 pecorum
1963 490 2384 569 heminamque

252 608 505 673 ,desides
541 605 663 665 sine
700 599 924 682 praeda
964 602 1187 670 tempus
1230 592 1497 653 tererent,
1539 600 1718 661 quun-t
1759 581 1992 656 integr-a
2027 577 2177 643 loca,
2225 573 2384 638 Tus-2

278 690 555 747 calanum
593 703 807 763 agrum
829 721 850 751 ‚
910 672 1173 753 opimum
1211 664 1413 743 copiis,
1468 672 1658 742 peiere
1697 654 1960 739 possent?
2043 655 2226 737 signa
2269 674 2388 713 re..

280 778 476 849 Pente
531 762 1005 829 convellerent,
1058 744 1568 826 transversisque
1623 738 1964 803 itineribus
2017 756 2139 817 per
2189 733 2384 795 Lavi-

282 868 473 911 canos
518 866 705 933 agros
749 842 815 902 in
858 834 1253 899 Tusculanos
1297 824 1494 886 colles
1545 821 1917 883 transirent.
1983 837 2072 881 eo,
2103 815 2201 877 vis
2241 834 2384 875 om-

281 930 382 990 nis
437 940 781 1011 tempestas
878 938 913 983 e
976 912 1138 975 belli
1197 922 1508 970 conversa
1563 915 1680 964 est.
1780 898 2046 961 Interim
2106 892 2388 957 Hernici

282 1013 659 1097 Latinique,
702 1025 791 1086 pu
836 1016 949 1062 ore
992 994 1224 1063 etiam,
1271 1006 1403 1047 non
1441 979 1884 1044 misericordia
1925 978 2154 1049 solum,
2197 974 2382 1045 moti,

281 1100 337 1162 si
378 1114 499 1155 nec
542 1087 943 1153 obstitissent
984 1066 1424 1138 communibus
1464 1062 1789 1134 hostibus,
1846 1059 2086 1121 infesto
2127 1055 2384 1138 agmine

284 1184 631 1241 Romanam
672 1167 901 1229 urbem
942 1150 1345 1241 petentibus,
1421 1164 1546 1205 nec
1605 1163 1792 1225 opem
1845 1141 2038 1201 ullam
2095 1135 2386 1197 obsessis

284 1256 481 1321 sociis
525 1254 805 1322 ferrent,
851 1238 1191 1319 conjuncto
1236 1226 1524 1292 exercitu
1567 1224 1832 1285 Romam
1871 1232 2172 1303 pergunt.
2255 1214 2386 1277 Ubi

282 1358 480 1423 quum
518 1334 739 1394 hostes
781 1342 923 1386 non
972 1313 1404 1381 invenissent,
1449 1304 1654 1369 secuti
1695 1303 1920 1380 famam
1969 1320 2042 1361 ac
2081 1296 2386 1379 vestigia,

286 1415 461 1484 obvii
505 1415 665 1476 fiunt
704 1394 1245 1469 descendentibus
1287 1388 1366 1449 ah
1398 1384 1758 1449 Tusculano
1799 1383 1866 1442 in
1901 1380 2208 1443 Albanam
2249 1377 2390 1439 val-

194 1570 199 1575 ,
283 1503 431 1564 lem.
536 1494 635 1557 lbi
709 1485 1194 1578 haudquaquam
1254 1488 1464 1551 aequo
1532 1463 1784 1549 proelio
1853 1473 2200 1545 pugnatum
2258 1470 2387 1528 est,

175 1578 185 1588 ’
286 1581 574 1662 fidesque
618 1592 731 1634 sua
774 1568 969 1629 sociis
1011 1574 1235 1641 parum
1276 1551 1434 1613 felix
1475 1548 1543 1609 in
1585 1543 1948 1628 praesentia
1990 1540 2134 1601 suit.
2195 1535 2390 1599 Haud

284 1664 497 1723 minor
536 1659 779 1729 Romae
818 1645 891 1709 fit
930 1638 1157 1703 morbo
1198 1648 1478 1715 sti-agee,
1542 1646 1728 1711 quarn
1771 1636 2000 1706 quanta
2051 1622 2236 1681 ferro
2277 1638 2387 1678 so-

288 1745 532 1805 ciorum
572 1735 737 1796 facta
784 1738 940 1791 erat.
1025 1714 1286 1787 Consul,
1332 1713 1444 1794 qui
1485 1726 1646 1769 unus
1688 1714 2043 1784 supererat,
2088 1698 2387 1760 moritur.

286 1818 523 1885 mortui
566 1829 633 1875 et
673 1811 781 1873 alii
822 1804 981 1871 clari
1020 1800 1181 1871 viri,
1224 1799 1314 1857 M.
1356 1789 1689 1859 Valerius,
1746 1790 1825 1847 Τ.
1871 1781 2206 1864 Virginius
2247 1782 2386 1839 Ru-

287 1904 459 1974 titus,
522 1910 834 1977 augures3
898 1888 1041 1948 Ser.
1105 1876 1472 1958 Sulpicius,
1532 1868 1714 1930 curio
1755 1864 2081 1925 maximus.
2155 1874 2222 1921 et
2263 1878 2391 1940 per

288 1988 508 2067 ignota
548 1974 754 2057 capita
796 1970 920 2030 late
964 1972 1225 2044 evagata
1267 1968 1366 2018 est
1407 1953 1504 2017 vis
1545 1946 1796 2011 morbi:
1841 1946 2158 2025 inopsque
2199 1960 2388 2001 sena-

292 2082 389 2128 tus
421 2056 638 2123 auxilii
680 2047 959 2117 humani,
1004 2041 1083 2104 ad
1114 2043 1290 2101 Deos
1321 2032 1627 2119 populum
1668 2046 1740 2088 ac
1765 2040 1910 2089 vota
1950 2023 2167 2087 vertit.
2208 2017 2388 2082 Jussi

206 2202 213 2209 .
289 2166 431 2209 cum
494 2133 874 2217 conjugibus
931 2146 1002 2187 ac
1060 2118 1291 2182 liberis
1346 2112 1771 2195 supplicatum
1830 2107 1928 2167 ire
1953 2148 1970 2179 ,
2031 2120 2390 2184 pacemque

288 2238 643 2307 exposcere
686 2214 915 2277 Deum.
988 2202 1089 2267 Ad
1129 2199 1218 2274 id,
1264 2194 1438 2281 quod
1478 2212 1589 2253 sua
1632 2206 1950 2272 quemque
1990 2182 2149 2244 mala
2191 2200 2388 2262 coge-

288 2309 463 2385 bant,
507 2294 885 2363 auctoritate
926 2284 1185 2369 publica
1230 2274 1503 2347 evocati,
1546 2268 1758 2333 omnia
1801 2264 2068 2327 delubra
2111 2262 2389 2342 inplent..

290 2398 525 2449 stratae
568 2374 805 2462 passim
832 2382 1089 2448 matres,
1134 2358 1424 2424 crinibus
1466 2350 1704 2433 templa
1733 2358 2091 2417 verrentes,
2139 2342 2391 2405 veniam

292 2472 531 2530 irarum
572 2454 978 2522 coelestium,
1024 2444 1346 2523 finemque
1392 2512 1394 2515 y
1435 2434 1559 2498 esti
1599 2438 1974 2509 exposcunt.

331 2562 405 2620 U,
444 2579 491 2617 c.
535 2576 559 2611 2
603 2574 653 2613 a.
880 2526 1051 2593 v111.
1092 2520 1248 2585 Inde
1266 2540 1393 2602 pau
1417 2516 1612 2586 latim,
1647 2530 1762 2571 seu
1791 2526 1948 2602 1⁵⁸}ssss
1965 2506 2174 2565 Deum
2197 2500 2392 2581 inpe-

333 2652 377 2683 a.
422 2628 483 2682 C.
525 2636 555 2688 4
590 2641 641 2678 o.
738 2626 921 2685 trata,
940 2602 1363 2688 seugraviore
1377 2610 1668 2675 tempore
1683 2606 1965 2665 annuam
1981 2585 2391 2656 circumacto,

296 2710 593 2773 defuncta
606 2696 850 2764 morbis
872 2706 1143 2770 corpora
1156 2680 1512 2744 salubriora
1525 2691 1668 2735 esse
1683 2667 1974 2749 incipere
1997 2688 2012 2727 ε
2051 2664 2392 2744 versisque

295 2790 521 2855 animis
535 2786 658 2867 jam
672 2780 752 2843 ad
766 2772 1085 2873 publicam
1103 2782 1337 2834 curam,
1360 2778 1548 2843 quum
1575 2752 1815 2834 aliquot
1837 2748 2201 2829 interregna
2216 2742 2392 2805 exis-

296 2886 458 2943 sent,
475 2872 547 2929 P.
562 2847 1194 2928 valemusPublicola
1209 2842 1404 2904 tertio‘
1420 2838 1545 2911 die,
1562 2852 1747 2919 quam
1767 2831 2202 2909 interregnum
2221 2822 2394 2885 inie-

292 2969 414 3027 rat,
458 2946 753 3011 consules
796 2945 971 2999 creat
1010 2934 1085 2991 L.
1127 2920 1499 2986 Lucretium
1529 2910 1987 2993 Tricipitinum
2029 2919 2094 2968 et
2135 2907 2212 2964 Τ.
2255 2902 2392 2966 Vc-

295 3034 530 3097 tarium
585 3021 994 3090 Geminum&
1030 3009 1167 3071 sive
1224 3003 1336 3064 ille
1397 2995 1704 3065 Vetusius
1760 2990 1909 3053 fuit.
1989 2989 2156 3049 Ante
2216 2981 2394 3045 diem

295 3114 558 3179 tertium
600 3106 748 3171 Idus
794 3092 1069 3161 Sextiles
1112 3084 1508 3149 consulatum
1549 3076 1794 3147 ineunt,
1837 3068 1963 3147 iam
2004 3065 2156 3128 satis
2182 3062 2396 3127 valida

298 3195 555 3260 civitate
576 3231 592 3262 ‚
650 3198 721 3246 ut
772 3196 904 3241 non
946 3172 1151 3235 solum
1204 3182 1428 3227 arcere
1486 3157 1728 3219 bellum
1749 3196 1766 3228 ‚
1831 3148 1950 3213 sed
1985 3146 2158 3209 ultro
2198 3142 2394 3205 etiam

298 3276 547 3339 inferre
604 3272 846 3349 posset.
872 3252 1133 3337 ..Igitur
1189 3238 1630 3307 nuntiantibus
1685 3230 1991 3295 Hernicis
2014 3272 2032 3303 ,
2105 3226 2172 3286 in
2224 3220 2394 3287 fines

299 3374 447 3419 suos
501 3338 979 3413 transcendisse
1022 3332 1276 3400 hostes,
1330 3320 1589 3403 inpigre
1630 3312 2016 3398 promissum
2067 3305 2392 3368 auxilium.

302 3436 428 3499 duo
502 3426 870 3495 consulares
932 3409 1251 3478 exercitus
1320 3400 1569 3482 scripti.
1663 3393 1972 3462 Veturius
2033 3389 2265 3450 missus
2321 3384 2396 3445 in

299 3514 574 3583 Volscos
616 3505 698 3569 ad
736 3500 978 3564 bellum
1020 3492 1189 3553 ultro
1232 3478 1663 3546 inferendum.
1746 3470 2170 3552 Tricipitinus
2191 3510 2208 3542 ,
2271 3485 2392 3547 po-

300 3586 736 3683 pulationibus
766 3572 1060 3643 arcendis
1093 3560 1419 3631 sociorum
1457 3584 1492 3624 a
1537 3580 1612 3621 ro
1654 3553 2010 3637 obpositus‚
2052 3569 2180 3611 non
2203 3546 2392 3620 ultra,

306 3698 492 3763 quam
546 3673 616 3734 in
671 3658 1031 3729 Hernicos,
1093 3643 1460 3732 procedit.·
1569 3637 1820 3701 eturius
1871 3632 2084 3714 primo
2183 3626 2395 3688 roelio

302 3752 522 3821 hos'tes
576 3743 791 3813 fundit
854 3739 1193 3819 fugatque.-
1278 3723 1683 3792 Lucretium,
1759 3714 1908 3776 dum
1960 3711 2030 3773 in
2153 3706 2394 3770 ornicis
2445 3732 2458 3743 ·

306 3836 512 3909 sedet,
551 3868 559 3875 -
602 3822 953 3891 rsedonum
974 3832 1203 3899 agmen
1242 3806 1504 3879 fefellit,
1547 3818 1741 3883 supra
1777 3806 2032 3857 montes
2073 3793 2396 3881 Praenes-

304 3919 507 3983 tinos·
583 3920 795 3973 uotum
819 3945 838 3976 ‚
913 3894 1067 3960 inde
1128 3890 1473 3955 demissum
1544 3884 1617 3945 in
1676 3896 1808 3941 cam
1857 3894 1954 3936 os.
2037 3870 2398 3934 vastavere

308 4016 496 4081 agros
538 3982 1031 4055 Praenestinum
1070 3970 1560 4053 Gabinumquet
1619 3980 1700 4023 cx
1741 3958 1836 4021 Gn
1884 3955 1996 4015 ino
2038 3952 2107 4013 in
2146 3954 2397 4013 Tuscu.
