<?xml version="1.0" encoding="UTF-8"?>
<!DOCTYPE html PUBLIC "-//W3C//DTD XHTML 1.0 Transitional//EN"
    "http://www.w3.org/TR/xhtml1/DTD/xhtml1-transitional.dtd">
<html xmlns="http://www.w3.org/1999/xhtml" xml:lang="en" lang="en">
 <head>
  <title>
</title>
<meta http-equiv="Content-Type" content="text/html;charset=utf-8" />
  <meta name='ocr-system' content='tesseract 3.04.00' />
  <meta name='ocr-capabilities' content='ocr_page ocr_carea ocr_par ocr_line ocrx_word'/>
</head>
<body>
  <div class='ocr_page' id='page_1' title='image "./tliviipatavinih00barbgoog_0127.png"; bbox 0 0 2534 4309; ppageno 0'>
   <div class='ocr_carea' id='block_1_1' title="bbox 517 164 2236 246">
    <p class='ocr_par' dir='ltr' id='par_1_1' title="bbox 517 164 2236 246">
     <span class='ocr_line' id='line_1_1' title="bbox 517 164 2236 246; baseline -0.001 -10"><span class='ocrx_word' id='word_1_1' title='bbox 517 168 1127 240; x_wconf 64' lang='lat' dir='ltr'><strong>hinnulli.</strong></span> <span class='ocrx_word' id='word_1_2' title='bbox 1232 164 1768 246; x_wconf 53' lang='lat' dir='ltr'><strong>caelu&amp;</strong></span> <span class='ocrx_word' id='word_1_3' title='bbox 2053 164 2236 235; x_wconf 77' lang='lat'>115·</span> 
     </span>
    </p>
   </div>
   <div class='ocr_carea' id='block_1_2' title="bbox 88 352 2245 3814">
    <p class='ocr_par' dir='ltr' id='par_1_2' title="bbox 88 352 2245 2607">
     <span class='ocr_line' id='line_1_2' title="bbox 90 352 2192 446; baseline 0.004 -33"><span class='ocrx_word' id='word_1_4' title='bbox 90 352 434 446; x_wconf 68' lang='lat' dir='ltr'><strong>multitudo</strong></span> <span class='ocrx_word' id='word_1_5' title='bbox 498 352 625 415; x_wconf 80' lang='lat' dir='ltr'><strong>dila</strong></span> <span class='ocrx_word' id='word_1_6' title='bbox 676 376 743 417; x_wconf 83' lang='lat' dir='ltr'><strong>sa</strong></span> <span class='ocrx_word' id='word_1_7' title='bbox 810 376 1001 441; x_wconf 86' lang='lat' dir='ltr'><strong>quum</strong></span> <span class='ocrx_word' id='word_1_8' title='bbox 1056 358 1315 421; x_wconf 83' lang='lat' dir='ltr'><strong>Antiu&#39;m</strong></span> <span class='ocrx_word' id='word_1_9' title='bbox 1385 356 1698 432; x_wconf 73' lang='lat' dir='ltr'><strong>redisset,</strong></span> <span class='ocrx_word' id='word_1_10' title='bbox 1785 376 1896 422; x_wconf 80' lang='lat' dir='ltr'><strong>sua</strong></span> <span class='ocrx_word' id='word_1_11' title='bbox 1956 372 2192 442; x_wconf 87' lang='lat' dir='ltr'><strong>sponte</strong></span> 
     </span>
     <span class='ocr_line' id='line_1_3' title="bbox 94 434 2194 513; baseline 0.004 -20"><span class='ocrx_word' id='word_1_12' title='bbox 94 455 217 513; x_wconf 72' lang='lat' dir='ltr'><strong>jam</strong></span> <span class='ocrx_word' id='word_1_13' title='bbox 258 434 496 499; x_wconf 79' lang='lat' dir='ltr'><strong>infidos</strong></span> <span class='ocrx_word' id='word_1_14' title='bbox 540 456 617 497; x_wconf 89' lang='lat' dir='ltr'><strong>co</strong></span> <span class='ocrx_word' id='word_1_15' title='bbox 644 456 803 498; x_wconf 85' lang='lat' dir='ltr'><strong>onos</strong></span> <span class='ocrx_word' id='word_1_16' title='bbox 846 439 1151 500; x_wconf 78' lang='lat' dir='ltr'><strong>Romanis</strong></span> <span class='ocrx_word' id='word_1_17' title='bbox 1193 438 1596 503; x_wconf 74' lang='lat' dir='ltr'><strong>abalienavit.</strong></span> <span class='ocrx_word' id='word_1_18' title='bbox 1677 441 1814 501; x_wconf 89' lang='lat' dir='ltr'><strong>Nec</strong></span> <span class='ocrx_word' id='word_1_19' title='bbox 1871 438 2020 501; x_wconf 84' lang='lat' dir='ltr'><strong>dum</strong></span> <span class='ocrx_word' id='word_1_20' title='bbox 2061 462 2194 501; x_wconf 90' lang='lat' dir='ltr'><strong>ma-</strong></span> 
     </span>
     <span class='ocr_line' id='line_1_4' title="bbox 94 514 2195 601; baseline 0.004 -27"><span class='ocrx_word' id='word_1_21' title='bbox 94 528 235 575; x_wconf 86' lang='lat' dir='ltr'><strong>tura</strong></span> <span class='ocrx_word' id='word_1_22' title='bbox 278 536 391 589; x_wconf 80' lang='lat' dir='ltr'><strong>re,</strong></span> <span class='ocrx_word' id='word_1_23' title='bbox 453 534 647 601; x_wconf 84' lang='lat' dir='ltr'><strong>quum</strong></span> <span class='ocrx_word' id='word_1_24' title='bbox 698 517 1129 580; x_wconf 81' lang='lat' dir='ltr'><strong>defectionem</strong></span> <span class='ocrx_word' id='word_1_25' title='bbox 1182 514 1397 601; x_wconf 72' lang='lat' dir='ltr'><strong>para&#39;ri</strong></span> <span class='ocrx_word' id='word_1_26' title='bbox 1453 518 1726 585; x_wconf 81' lang='lat' dir='ltr'><strong>delatum</strong></span> <span class='ocrx_word' id='word_1_27' title='bbox 1779 516 1859 581; x_wconf 82' lang='lat' dir='ltr'><strong>ad</strong></span> <span class='ocrx_word' id='word_1_28' title='bbox 1902 535 2195 583; x_wconf 83' lang='lat' dir='ltr'><strong>senatum</strong></span> 
     </span>
     <span class='ocr_line' id='line_1_5' title="bbox 90 597 2193 683; baseline 0.003 -28"><span class='ocrx_word' id='word_1_29' title='bbox 90 609 300 669; x_wconf 86' lang='lat' dir='ltr'><strong>esset,</strong></span> <span class='ocrx_word' id='word_1_30' title='bbox 372 597 585 658; x_wconf 83' lang='lat' dir='ltr'><strong>datum</strong></span> <span class='ocrx_word' id='word_1_31' title='bbox 642 599 967 679; x_wconf 81' lang='lat' dir='ltr'><strong>negotium</strong></span> <span class='ocrx_word' id='word_1_32' title='bbox 1022 612 1123 661; x_wconf 81' lang='lat' dir='ltr'><strong>est</strong></span> <span class='ocrx_word' id='word_1_33' title='bbox 1164 600 1571 679; x_wconf 84' lang='lat' dir='ltr'><strong>consulibus,</strong></span> <span class='ocrx_word' id='word_1_34' title='bbox 1629 614 1724 673; x_wconf 87' lang='lat' dir='ltr'><strong>ut,</strong></span> <span class='ocrx_word' id='word_1_35' title='bbox 1785 598 2193 683; x_wconf 83' lang='lat' dir='ltr'><strong>principibus</strong></span> 
     </span>
     <span class='ocr_line' id='line_1_6' title="bbox 94 676 2195 763; baseline 0.003 -27"><span class='ocrx_word' id='word_1_36' title='bbox 94 676 391 738; x_wconf 85' lang='lat' dir='ltr'><strong>coloniae</strong></span> <span class='ocrx_word' id='word_1_37' title='bbox 432 681 700 739; x_wconf 85' lang='lat' dir='ltr'><strong>Romam</strong></span> <span class='ocrx_word' id='word_1_38' title='bbox 742 680 1011 750; x_wconf 82' lang='lat' dir='ltr'><strong>excitis,</strong></span> <span class='ocrx_word' id='word_1_39' title='bbox 1058 692 1466 763; x_wconf 77' lang='lat' dir='ltr'><strong>quaererent,</strong></span> <span class='ocrx_word' id='word_1_40' title='bbox 1513 678 1812 763; x_wconf 82' lang='lat' dir='ltr'><strong>quidnam</strong></span> <span class='ocrx_word' id='word_1_41' title='bbox 1852 682 1954 743; x_wconf 84' lang='lat' dir='ltr'><strong>rei</strong></span> <span class='ocrx_word' id='word_1_42' title='bbox 1997 694 2195 743; x_wconf 81' lang='lat' dir='ltr'><strong>esset.</strong></span> 
     </span>
     <span class='ocr_line' id='line_1_7' title="bbox 97 756 2194 852; baseline 0.002 -35"><span class='ocrx_word' id='word_1_43' title='bbox 97 756 231 852; x_wconf 66' lang='lat' dir='ltr'><strong>Qui</strong></span> <span class='ocrx_word' id='word_1_44' title='bbox 276 778 469 840; x_wconf 85' lang='lat' dir='ltr'><strong>quum</strong></span> <span class='ocrx_word' id='word_1_45' title='bbox 509 756 681 818; x_wconf 81' lang='lat' dir='ltr'><strong>haud</strong></span> <span class='ocrx_word' id='word_1_46' title='bbox 720 759 961 841; x_wconf 79' lang='lat' dir='ltr'><strong>gravati</strong></span> <span class='ocrx_word' id='word_1_47' title='bbox 986 756 1049 835; x_wconf 66' lang='lat'><strong>²⁶)</strong></span> <span class='ocrx_word' id='word_1_48' title='bbox 1092 760 1445 833; x_wconf 80' lang='lat' dir='ltr'><strong>venissent,</strong></span> <span class='ocrx_word' id='word_1_49' title='bbox 1491 759 1842 821; x_wconf 81' lang='lat' dir='ltr'><strong>introducti</strong></span> <span class='ocrx_word' id='word_1_50' title='bbox 1885 782 1920 821; x_wconf 84' lang='lat' dir='ltr'><strong>a</strong></span> <span class='ocrx_word' id='word_1_51' title='bbox 1961 780 2194 823; x_wconf 85' lang='lat' dir='ltr'><strong>consu-</strong></span> 
     </span>
     <span class='ocr_line' id='line_1_8' title="bbox 88 836 2194 923; baseline 0.002 -28"><span class='ocrx_word' id='word_1_52' title='bbox 88 836 265 900; x_wconf 67' lang='lat' dir='ltr'><strong>libus</strong></span> <span class='ocrx_word' id='word_1_53' title='bbox 306 836 388 897; x_wconf 83' lang='lat' dir='ltr'><strong>ad</strong></span> <span class='ocrx_word' id='word_1_54' title='bbox 420 852 709 899; x_wconf 78' lang='lat' dir='ltr'><strong>senatum</strong></span> <span class='ocrx_word' id='word_1_55' title='bbox 750 838 837 900; x_wconf 79' lang='lat' dir='ltr'><strong>ita</strong></span> <span class='ocrx_word' id='word_1_56' title='bbox 869 838 1348 921; x_wconf 77' lang='lat' dir='ltr'><strong>responderunt</strong></span> <span class='ocrx_word' id='word_1_57' title='bbox 1387 840 1910 923; x_wconf 72' lang='lat' dir='ltr'><strong>adinterrogata,</strong></span> <span class='ocrx_word' id='word_1_58' title='bbox 1953 853 2024 902; x_wconf 90' lang='lat' dir='ltr'><strong>ut</strong></span> <span class='ocrx_word' id='word_1_59' title='bbox 2061 860 2194 901; x_wconf 85' lang='lat' dir='ltr'><strong>ma-</strong></span> 
     </span>
     <span class='ocr_line' id='line_1_9' title="bbox 140 917 2195 997; baseline 0.001 -17"><span class='ocrx_word' id='word_1_60' title='bbox 140 920 194 980; x_wconf 79' lang='lat' dir='ltr'><strong>‘s</strong></span> <span class='ocrx_word' id='word_1_61' title='bbox 238 917 549 997; x_wconf 83' lang='lat' dir='ltr'><strong>suspecti,</strong></span> <span class='ocrx_word' id='word_1_62' title='bbox 598 942 615 975; x_wconf 69' lang='grc' dir='ltr'><strong><em>ι</em></strong></span> <span class='ocrx_word' id='word_1_63' title='bbox 642 940 783 979; x_wconf 82' lang='lat' dir='ltr'><strong>uam</strong></span> <span class='ocrx_word' id='word_1_64' title='bbox 821 934 1151 993; x_wconf 83' lang='lat' dir='ltr'><strong>venerant,</strong></span> <span class='ocrx_word' id='word_1_65' title='bbox 1197 918 1694 984; x_wconf 78' lang='lat' dir='ltr'><strong>dimitterentur.</strong></span> <span class='ocrx_word' id='word_1_66' title='bbox 1748 920 2001 981; x_wconf 84' lang='lat' dir='ltr'><strong>Bellum</strong></span> <span class='ocrx_word' id='word_1_67' title='bbox 2041 919 2195 983; x_wconf 85' lang='lat' dir='ltr'><strong>inde</strong></span> 
     </span>
     <span class='ocr_line' id='line_1_10' title="bbox 92 938 2194 1082; baseline -0 -21"><span class='ocrx_word' id='word_1_68' title='bbox 92 938 269 1061; x_wconf 60' lang='lat' dir='ltr'><strong>ffimd</strong></span> <span class='ocrx_word' id='word_1_69' title='bbox 310 997 575 1059; x_wconf 84' lang='lat' dir='ltr'><strong>dubium</strong></span> <span class='ocrx_word' id='word_1_70' title='bbox 662 998 863 1060; x_wconf 87' lang='lat' dir='ltr'><strong>aberi.</strong></span> <span class='ocrx_word' id='word_1_71' title='bbox 948 1001 1062 1082; x_wconf 86' lang='lat' dir='ltr'><strong>Sp.</strong></span> <span class='ocrx_word' id='word_1_72' title='bbox 1104 1000 1342 1061; x_wconf 85' lang='lat' dir='ltr'><strong>Furius</strong></span> <span class='ocrx_word' id='word_1_73' title='bbox 1367 1042 1383 1073; x_wconf 91' lang='lat'><strong>,</strong></span> <span class='ocrx_word' id='word_1_74' title='bbox 1451 1002 1788 1063; x_wconf 82' lang='lat' dir='ltr'><strong>consulum</strong></span> <span class='ocrx_word' id='word_1_75' title='bbox 1829 1001 2025 1073; x_wconf 85' lang='lat' dir='ltr'><strong>alter,</strong></span> <span class='ocrx_word' id='word_1_76' title='bbox 2089 1000 2194 1063; x_wconf 86' lang='lat' dir='ltr'><strong>cui</strong></span> 
     </span>
     <span class='ocr_line' id='line_1_11' title="bbox 94 1079 2198 1164; baseline -0 -23"><span class='ocrx_word' id='word_1_77' title='bbox 94 1100 171 1141; x_wconf 84' lang='lat' dir='ltr'><strong>ea</strong></span> <span class='ocrx_word' id='word_1_78' title='bbox 210 1079 551 1161; x_wconf 77' lang='lat' dir='ltr'><strong>provincia</strong></span> <span class='ocrx_word' id='word_1_79' title='bbox 590 1094 914 1153; x_wconf 82' lang='lat' dir='ltr'><strong>evenerat,</strong></span> <span class='ocrx_word' id='word_1_80' title='bbox 1003 1080 1289 1143; x_wconf 80' lang='lat' dir='ltr'><strong>refectus</strong></span> <span class='ocrx_word' id='word_1_81' title='bbox 1330 1080 1400 1144; x_wconf 88' lang='lat' dir='ltr'><strong>iu</strong></span> <span class='ocrx_word' id='word_1_82' title='bbox 1432 1084 1716 1164; x_wconf 81' lang='lat' dir='ltr'><strong>Aequos,</strong></span> <span class='ocrx_word' id='word_1_83' title='bbox 1763 1080 2198 1143; x_wconf 78' lang='lat' dir='ltr'><strong>Hernicorum</strong></span> 
     </span>
     <span class='ocr_line' id='line_1_12' title="bbox 95 1159 2196 1245; baseline 0 -24"><span class='ocrx_word' id='word_1_84' title='bbox 95 1160 163 1221; x_wconf 88' lang='lat' dir='ltr'><strong>in</strong></span> <span class='ocrx_word' id='word_1_85' title='bbox 200 1182 239 1219; x_wconf 83' lang='lat' dir='ltr'><strong>a</strong></span> <span class='ocrx_word' id='word_1_86' title='bbox 322 1178 367 1219; x_wconf 91' lang='lat' dir='ltr'><strong>o</strong></span> <span class='ocrx_word' id='word_1_87' title='bbox 406 1159 930 1241; x_wconf 80' lang='lat' dir='ltr'><strong>populabundum</strong></span> <span class='ocrx_word' id='word_1_88' title='bbox 1018 1175 1221 1223; x_wconf 86' lang='lat' dir='ltr'><strong>ostem</strong></span> <span class='ocrx_word' id='word_1_89' title='bbox 1261 1160 1552 1241; x_wconf 73' lang='lat' dir='ltr'><strong>invenit3</strong></span> <span class='ocrx_word' id='word_1_90' title='bbox 1595 1161 1992 1245; x_wconf 81' lang='lat' dir='ltr'><strong>ignarusque</strong></span> <span class='ocrx_word' id='word_1_91' title='bbox 2033 1161 2196 1221; x_wconf 88' lang='lat' dir='ltr'><strong>mul-</strong></span> 
     </span>
     <span class='ocr_line' id='line_1_13' title="bbox 94 1239 2199 1323; baseline 0 -22"><span class='ocrx_word' id='word_1_92' title='bbox 94 1240 213 1301; x_wconf 84' lang='lat' dir='ltr'><strong>titu</strong></span> <span class='ocrx_word' id='word_1_93' title='bbox 264 1239 426 1313; x_wconf 88' lang='lat' dir='ltr'><strong>inis,</strong></span> <span class='ocrx_word' id='word_1_94' title='bbox 470 1240 617 1323; x_wconf 86' lang='lat' dir='ltr'><strong>quia</strong></span> <span class='ocrx_word' id='word_1_95' title='bbox 662 1260 969 1323; x_wconf 78' lang='lat' dir='ltr'><strong>nusquam</strong></span> <span class='ocrx_word' id='word_1_96' title='bbox 1008 1242 1308 1305; x_wconf 80' lang='lat' dir='ltr'><strong>universa</strong></span> <span class='ocrx_word' id='word_1_97' title='bbox 1351 1254 1695 1322; x_wconf 87' lang='lat' dir='ltr'><strong>conspecta</strong></span> <span class='ocrx_word' id='word_1_98' title='bbox 1737 1240 1970 1315; x_wconf 83' lang='lat' dir='ltr'><strong>fuerat,</strong></span> <span class='ocrx_word' id='word_1_99' title='bbox 2010 1239 2199 1322; x_wconf 83' lang='lat' dir='ltr'><strong>inpa-</strong></span> 
     </span>
     <span class='ocr_line' id='line_1_14' title="bbox 96 1320 2198 1415; baseline 0 -33"><span class='ocrx_word' id='word_1_100' title='bbox 96 1342 237 1382; x_wconf 87' lang='lat' dir='ltr'><strong>rem</strong></span> <span class='ocrx_word' id='word_1_101' title='bbox 300 1320 513 1401; x_wconf 82' lang='lat' dir='ltr'><strong>copiis</strong></span> <span class='ocrx_word' id='word_1_102' title='bbox 560 1320 911 1383; x_wconf 81' lang='lat' dir='ltr'><strong>exercitum</strong></span> <span class='ocrx_word' id='word_1_103' title='bbox 968 1336 1215 1383; x_wconf 86' lang='lat' dir='ltr'><strong>temere</strong></span> <span class='ocrx_word' id='word_1_104' title='bbox 1257 1342 1510 1405; x_wconf 82' lang='lat' dir='ltr'><strong>pugnae</strong></span> <span class='ocrx_word' id='word_1_105' title='bbox 1567 1321 1904 1383; x_wconf 82' lang='lat' dir='ltr'><strong>commisit.</strong></span> <span class='ocrx_word' id='word_1_106' title='bbox 1981 1321 2198 1415; x_wconf 88' lang='lat' dir='ltr'><strong>primo</strong></span> 
     </span>
     <span class='ocr_line' id='line_1_15' title="bbox 94 1396 2197 1485; baseline 0 -22"><span class='ocrx_word' id='word_1_107' title='bbox 94 1420 418 1463; x_wconf 78' lang='lat' dir='ltr'><strong>concursu</strong></span> <span class='ocrx_word' id='word_1_108' title='bbox 457 1400 679 1483; x_wconf 83' lang='lat' dir='ltr'><strong>pulsus</strong></span> <span class='ocrx_word' id='word_1_109' title='bbox 736 1422 807 1464; x_wconf 83' lang='lat' dir='ltr'><strong>se</strong></span> <span class='ocrx_word' id='word_1_110' title='bbox 846 1402 917 1462; x_wconf 88' lang='lat' dir='ltr'><strong>iu</strong></span> <span class='ocrx_word' id='word_1_111' title='bbox 948 1407 1163 1465; x_wconf 81' lang='lat' dir='ltr'><strong>castra</strong></span> <span class='ocrx_word' id='word_1_112' title='bbox 1204 1402 1480 1483; x_wconf 86' lang='lat' dir='ltr'><strong>recepit.</strong></span> <span class='ocrx_word' id='word_1_113' title='bbox 1537 1420 1751 1485; x_wconf 88' lang='lat' dir='ltr'><strong>neque</strong></span> <span class='ocrx_word' id='word_1_114' title='bbox 1793 1401 1848 1463; x_wconf 87' lang='lat' dir='ltr'><strong>is</strong></span> <span class='ocrx_word' id='word_1_115' title='bbox 1891 1396 2040 1462; x_wconf 83' lang='lat' dir='ltr'><strong>{ims</strong></span> <span class='ocrx_word' id='word_1_116' title='bbox 2079 1422 2197 1483; x_wconf 84' lang='lat' dir='ltr'><strong>pe-</strong></span> 
     </span>
     <span class='ocr_line' id='line_1_16' title="bbox 96 1480 2198 1577; baseline 0 -35"><span class='ocrx_word' id='word_1_117' title='bbox 96 1481 293 1543; x_wconf 79' lang='lat' dir='ltr'><strong>rieuli</strong></span> <span class='ocrx_word' id='word_1_118' title='bbox 336 1480 479 1543; x_wconf 85' lang='lat' dir='ltr'><strong>fuit.</strong></span> <span class='ocrx_word' id='word_1_119' title='bbox 522 1502 795 1577; x_wconf 77' lang='lat' dir='ltr'><strong>namque</strong></span> <span class='ocrx_word' id='word_1_120' title='bbox 838 1496 904 1543; x_wconf 92' lang='lat' dir='ltr'><strong>et</strong></span> <span class='ocrx_word' id='word_1_121' title='bbox 933 1482 1221 1564; x_wconf 86' lang='lat' dir='ltr'><strong>proxima</strong></span> <span class='ocrx_word' id='word_1_122' title='bbox 1262 1495 1454 1544; x_wconf 90' lang='lat' dir='ltr'><strong>nocte</strong></span> <span class='ocrx_word' id='word_1_123' title='bbox 1485 1495 1552 1543; x_wconf 91' lang='lat' dir='ltr'><strong>et</strong></span> <span class='ocrx_word' id='word_1_124' title='bbox 1579 1494 1846 1563; x_wconf 84' lang='lat' dir='ltr'><strong>postero</strong></span> <span class='ocrx_word' id='word_1_125' title='bbox 1876 1480 1984 1543; x_wconf 79' lang='lat' dir='ltr'><strong>die</strong></span> <span class='ocrx_word' id='word_1_126' title='bbox 2023 1494 2198 1543; x_wconf 80' lang='lat' dir='ltr'><strong>tanta</strong></span> 
     </span>
     <span class='ocr_line' id='line_1_17' title="bbox 96 1562 2198 1647; baseline -0.002 -22"><span class='ocrx_word' id='word_1_127' title='bbox 96 1562 161 1625; x_wconf 78' lang='lat' dir='ltr'><strong>vi</strong></span> <span class='ocrx_word' id='word_1_128' title='bbox 200 1574 415 1623; x_wconf 82' lang='lat' dir='ltr'><strong>castra</strong></span> <span class='ocrx_word' id='word_1_129' title='bbox 458 1575 605 1624; x_wconf 82' lang='lat' dir='ltr'><strong>sunt</strong></span> <span class='ocrx_word' id='word_1_130' title='bbox 644 1582 1064 1625; x_wconf 79' lang='lat' dir='ltr'><strong>c1rcumsessa</strong></span> <span class='ocrx_word' id='word_1_131' title='bbox 1102 1575 1294 1647; x_wconf 84' lang='lat' dir='ltr'><strong>atque</strong></span> <span class='ocrx_word' id='word_1_132' title='bbox 1337 1562 1734 1644; x_wconf 82' lang='lat' dir='ltr'><strong>obpugnata,</strong></span> <span class='ocrx_word' id='word_1_133' title='bbox 1795 1574 1868 1623; x_wconf 89' lang='lat' dir='ltr'><strong>ut</strong></span> <span class='ocrx_word' id='word_1_134' title='bbox 1903 1580 1988 1623; x_wconf 87' lang='lat' dir='ltr'><strong>ne</strong></span> <span class='ocrx_word' id='word_1_135' title='bbox 2029 1582 2198 1623; x_wconf 86' lang='lat' dir='ltr'><strong>nun-</strong></span> 
     </span>
     <span class='ocr_line' id='line_1_18' title="bbox 94 1639 2200 1726; baseline 0 -22"><span class='ocrx_word' id='word_1_136' title='bbox 94 1642 225 1704; x_wconf 81' lang='lat' dir='ltr'><strong>tius</strong></span> <span class='ocrx_word' id='word_1_137' title='bbox 269 1639 535 1726; x_wconf 85' lang='lat' dir='ltr'><strong>quidem</strong></span> <span class='ocrx_word' id='word_1_138' title='bbox 576 1640 728 1705; x_wconf 83' lang='lat' dir='ltr'><strong>inde</strong></span> <span class='ocrx_word' id='word_1_139' title='bbox 766 1642 935 1704; x_wconf 85' lang='lat' dir='ltr'><strong>mitti</strong></span> <span class='ocrx_word' id='word_1_140' title='bbox 974 1646 1243 1705; x_wconf 81' lang='lat' dir='ltr'><strong>Romam</strong></span> <span class='ocrx_word' id='word_1_141' title='bbox 1283 1656 1525 1724; x_wconf 83' lang='lat' dir='ltr'><strong>posset.</strong></span> <span class='ocrx_word' id='word_1_142' title='bbox 1589 1641 1884 1715; x_wconf 83' lang='lat' dir='ltr'><strong>Hernici,</strong></span> <span class='ocrx_word' id='word_1_143' title='bbox 1931 1654 1997 1703; x_wconf 91' lang='lat' dir='ltr'><strong>et</strong></span> <span class='ocrx_word' id='word_1_144' title='bbox 2033 1642 2200 1705; x_wconf 82' lang='lat' dir='ltr'><strong>male</strong></span> 
     </span>
     <span class='ocr_line' id='line_1_19' title="bbox 97 1721 2200 1807; baseline -0 -23"><span class='ocrx_word' id='word_1_145' title='bbox 97 1736 492 1805; x_wconf 59' lang='lat' dir='ltr'><strong>pugnatum,</strong></span> <span class='ocrx_word' id='word_1_146' title='bbox 556 1736 623 1784; x_wconf 91' lang='lat' dir='ltr'><strong>et</strong></span> <span class='ocrx_word' id='word_1_147' title='bbox 664 1725 997 1785; x_wconf 86' lang='lat' dir='ltr'><strong>consulem</strong></span> <span class='ocrx_word' id='word_1_148' title='bbox 1038 1721 1875 1807; x_wconf 81' lang='lat' dir='ltr'><strong>exercitumqueobsideri,</strong></span> <span class='ocrx_word' id='word_1_149' title='bbox 1941 1721 2200 1784; x_wconf 87' lang='lat' dir='ltr'><strong>nuntia-</strong></span> 
     </span>
     <span class='ocr_line' id='line_1_20' title="bbox 98 1802 2200 1887; baseline 0.001 -24"><span class='ocrx_word' id='word_1_150' title='bbox 98 1817 355 1865; x_wconf 74' lang='lat' dir='ltr'><strong>verunt.</strong></span> <span class='ocrx_word' id='word_1_151' title='bbox 393 1815 762 1887; x_wconf 75' lang='lat' dir='ltr'><strong>tantumque</strong></span> <span class='ocrx_word' id='word_1_152' title='bbox 802 1817 1122 1865; x_wconf 85' lang='lat' dir='ltr'><strong>terrorem</strong></span> <span class='ocrx_word' id='word_1_153' title='bbox 1162 1803 1496 1866; x_wconf 75' lang='lat' dir='ltr'><strong>incussere</strong></span> <span class='ocrx_word' id='word_1_154' title='bbox 1528 1802 1849 1875; x_wconf 81' lang='lat' dir='ltr'><strong>Patribus,</strong></span> <span class='ocrx_word' id='word_1_155' title='bbox 1893 1814 1966 1869; x_wconf 80' lang='lat' dir='ltr'><strong>ut</strong></span> <span class='ocrx_word' id='word_1_156' title='bbox 2005 1802 2200 1887; x_wconf 81' lang='lat' dir='ltr'><strong>(quae</strong></span> 
     </span>
     <span class='ocr_line' id='line_1_21' title="bbox 100 1880 2201 1965; baseline 0.001 -22"><span class='ocrx_word' id='word_1_157' title='bbox 100 1882 309 1943; x_wconf 82' lang='lat' dir='ltr'><strong>forma</strong></span> <span class='ocrx_word' id='word_1_158' title='bbox 372 1884 911 1947; x_wconf 73' lang='lat' dir='ltr'><strong>senatusconsulti</strong></span> <span class='ocrx_word' id='word_1_159' title='bbox 992 1884 1252 1945; x_wconf 83' lang='lat' dir='ltr'><strong>ultimae</strong></span> <span class='ocrx_word' id='word_1_160' title='bbox 1321 1902 1580 1965; x_wconf 78' lang='lat' dir='ltr'><strong>semper</strong></span> <span class='ocrx_word' id='word_1_161' title='bbox 1635 1880 2036 1944; x_wconf 75' lang='lat' dir='ltr'><strong>necessitatis</strong></span> <span class='ocrx_word' id='word_1_162' title='bbox 2089 1882 2201 1945; x_wconf 83' lang='lat' dir='ltr'><strong>ha-</strong></span> 
     </span>
     <span class='ocr_line' id='line_1_22' title="bbox 102 1958 2245 2046; baseline 0 -23"><span class='ocrx_word' id='word_1_163' title='bbox 102 1962 237 2024; x_wconf 78' lang='lat' dir='ltr'><strong>bita</strong></span> <span class='ocrx_word' id='word_1_164' title='bbox 300 1958 423 2037; x_wconf 78' lang='lat' dir='ltr'><strong>est)</strong></span> <span class='ocrx_word' id='word_1_165' title='bbox 486 1965 819 2026; x_wconf 80' lang='lat' dir='ltr'><strong>Postumio</strong></span> <span class='ocrx_word' id='word_1_166' title='bbox 882 1964 1069 2026; x_wconf 85' lang='lat' dir='ltr'><strong>alteri</strong></span> <span class='ocrx_word' id='word_1_167' title='bbox 1133 1964 1464 2026; x_wconf 82' lang='lat' dir='ltr'><strong>consulum</strong></span> <span class='ocrx_word' id='word_1_168' title='bbox 1528 1962 1860 2046; x_wconf 82' lang='lat' dir='ltr'><strong>negotium</strong></span> <span class='ocrx_word' id='word_1_169' title='bbox 1915 1960 2245 2038; x_wconf 80' lang='lat' dir='ltr'><strong>daretur‚&#39;</strong></span> 
     </span>
     <span class='ocr_line' id='line_1_23' title="bbox 108 2038 2204 2124; baseline 0.002 -23"><span class='ocrx_word' id='word_1_170' title='bbox 108 2044 323 2102; x_wconf 72' lang='lat' dir='ltr'><strong>Videre</strong></span> <span class='ocrx_word' id='word_1_171' title='bbox 362 2038 481 2117; x_wconf 54' lang='lat' dir='ltr'><strong>fl),</strong></span> <span class='ocrx_word' id='word_1_172' title='bbox 542 2064 616 2103; x_wconf 76' lang='lat' dir='ltr'><strong>ne</strong></span> <span class='ocrx_word' id='word_1_173' title='bbox 656 2044 801 2122; x_wconf 75' lang='lat' dir='ltr'><strong>quid</strong></span> <span class='ocrx_word' id='word_1_174' title='bbox 854 2042 1169 2124; x_wconf 71' lang='lat' dir='ltr'><strong>respublica</strong></span> <span class='ocrx_word' id='word_1_175' title='bbox 1224 2042 1566 2104; x_wconf 75' lang='lat' dir='ltr'><strong>detrimenti</strong></span> <span class='ocrx_word' id='word_1_176' title='bbox 1615 2050 1864 2123; x_wconf 79' lang='lat' dir='ltr'><strong>caperet.</strong></span> <span class='ocrx_word' id='word_1_177' title='bbox 1953 2046 2204 2124; x_wconf 86' lang='lat' dir='ltr'><strong>-Ipsum</strong></span> 
     </span>
     <span class='ocr_line' id='line_1_24' title="bbox 102 2122 2204 2207; baseline -0.001 -21"><span class='ocrx_word' id='word_1_178' title='bbox 102 2124 440 2186; x_wconf 81' lang='lat' dir='ltr'><strong>consulem</strong></span> <span class='ocrx_word' id='word_1_179' title='bbox 482 2126 723 2186; x_wconf 85' lang='lat' dir='ltr'><strong>Romae</strong></span> <span class='ocrx_word' id='word_1_180' title='bbox 766 2144 1023 2189; x_wconf 85' lang='lat' dir='ltr'><strong>manere</strong></span> <span class='ocrx_word' id='word_1_181' title='bbox 1084 2124 1165 2185; x_wconf 87' lang='lat' dir='ltr'><strong>ad</strong></span> <span class='ocrx_word' id='word_1_182' title='bbox 1222 2122 1728 2189; x_wconf 81' lang='lat' dir='ltr'><strong>conscribendos</strong></span> <span class='ocrx_word' id='word_1_183' title='bbox 1768 2142 1988 2185; x_wconf 84' lang='lat' dir='ltr'><strong>omnes</strong></span> <span class='ocrx_word' id='word_1_184' title='bbox 2013 2166 2030 2197; x_wconf 95' lang='lat'>‚</span> <span class='ocrx_word' id='word_1_185' title='bbox 2090 2122 2204 2207; x_wconf 89' lang='lat' dir='ltr'><strong>qui</strong></span> 
     </span>
     <span class='ocr_line' id='line_1_25' title="bbox 100 2203 2205 2286; baseline 0 -21"><span class='ocrx_word' id='word_1_186' title='bbox 100 2224 277 2265; x_wconf 79' lang='lat' dir='ltr'><strong>anua</strong></span> <span class='ocrx_word' id='word_1_187' title='bbox 336 2204 517 2265; x_wconf 83' lang='lat' dir='ltr'><strong>serre</strong></span> <span class='ocrx_word' id='word_1_188' title='bbox 572 2219 868 2285; x_wconf 85' lang='lat' dir='ltr'><strong>possent,</strong></span> <span class='ocrx_word' id='word_1_189' title='bbox 928 2203 1237 2286; x_wconf 88' lang='lat' dir='ltr'><strong>optimum</strong></span> <span class='ocrx_word' id='word_1_190' title='bbox 1297 2204 1508 2265; x_wconf 79' lang='lat' dir='ltr'><strong>visum</strong></span> <span class='ocrx_word' id='word_1_191' title='bbox 1561 2218 1694 2282; x_wconf 76' lang='lat' dir='ltr'><strong>est3</strong></span> <span class='ocrx_word' id='word_1_192' title='bbox 1759 2224 1880 2285; x_wconf 87' lang='lat' dir='ltr'><strong>pro</strong></span> <span class='ocrx_word' id='word_1_193' title='bbox 1935 2204 2205 2266; x_wconf 83' lang='lat' dir='ltr'><strong>consule</strong></span> 
     </span>
     <span class='ocr_line' id='line_1_26' title="bbox 102 2281 2204 2374; baseline -0 -28"><span class='ocrx_word' id='word_1_194' title='bbox 102 2290 177 2346; x_wconf 88' lang='grc' dir='ltr'><strong>Τ.</strong></span> <span class='ocrx_word' id='word_1_195' title='bbox 216 2283 597 2374; x_wconf 79' lang='lat' dir='ltr'><strong>Quinctium</strong></span> <span class='ocrx_word' id='word_1_196' title='bbox 636 2285 929 2349; x_wconf 75' lang='lat' dir='ltr'><strong>subsidio</strong></span> <span class='ocrx_word' id='word_1_197' title='bbox 971 2285 1197 2347; x_wconf 84' lang='lat' dir='ltr'><strong>castris</strong></span> <span class='ocrx_word' id='word_1_198' title='bbox 1240 2305 1384 2347; x_wconf 88' lang='lat' dir='ltr'><strong>cum</strong></span> <span class='ocrx_word' id='word_1_199' title='bbox 1419 2283 1642 2347; x_wconf 80' lang='lat' dir='ltr'><strong>sociali</strong></span> <span class='ocrx_word' id='word_1_200' title='bbox 1684 2283 1972 2347; x_wconf 79' lang='lat' dir='ltr'><strong>exercitu</strong></span> <span class='ocrx_word' id='word_1_201' title='bbox 2011 2281 2204 2345; x_wconf 85' lang='lat' dir='ltr'><strong>mitti.</strong></span> 
     </span>
     <span class='ocr_line' id='line_1_27' title="bbox 99 2363 2206 2449; baseline -0 -24"><span class='ocrx_word' id='word_1_202' title='bbox 99 2364 183 2426; x_wconf 85' lang='lat' dir='ltr'><strong>ad</strong></span> <span class='ocrx_word' id='word_1_203' title='bbox 220 2384 372 2425; x_wconf 88' lang='lat' dir='ltr'><strong>eum</strong></span> <span class='ocrx_word' id='word_1_204' title='bbox 430 2384 509 2425; x_wconf 82' lang='lat' dir='ltr'><strong>ex</strong></span> <span class='ocrx_word' id='word_1_205' title='bbox 561 2365 821 2427; x_wconf 88' lang='lat' dir='ltr'><strong>lendum</strong></span> <span class='ocrx_word' id='word_1_206' title='bbox 856 2366 1105 2441; x_wconf 75' lang='lat' dir='ltr'><strong>Latini,</strong></span> <span class='ocrx_word' id='word_1_207' title='bbox 1164 2364 1600 2449; x_wconf 88' lang='lat' dir='ltr'><strong>Hernicique,</strong></span> <span class='ocrx_word' id='word_1_208' title='bbox 1667 2378 1733 2425; x_wconf 86' lang='lat' dir='ltr'><strong>et</strong></span> <span class='ocrx_word' id='word_1_209' title='bbox 1773 2363 2029 2426; x_wconf 79' lang='lat' dir='ltr'><strong>colonia</strong></span> <span class='ocrx_word' id='word_1_210' title='bbox 2069 2364 2206 2426; x_wconf 89' lang='lat' dir='ltr'><strong>An·-</strong></span> 
     </span>
     <span class='ocr_line' id='line_1_28' title="bbox 100 2442 2206 2525; baseline -0 -18"><span class='ocrx_word' id='word_1_211' title='bbox 100 2447 261 2507; x_wconf 86' lang='lat' dir='ltr'><strong>tium</strong></span> <span class='ocrx_word' id='word_1_212' title='bbox 304 2442 461 2505; x_wconf 83' lang='lat' dir='ltr'><strong>dare</strong></span> <span class='ocrx_word' id='word_1_213' title='bbox 568 2446 815 2508; x_wconf 88' lang='lat' dir='ltr'><strong>uinctio</strong></span> <span class='ocrx_word' id='word_1_214' title='bbox 854 2445 1202 2509; x_wconf 82' lang='lat' dir='ltr'><strong>subitarios</strong></span> <span class='ocrx_word' id='word_1_215' title='bbox 1244 2444 1482 2516; x_wconf 55' lang='lat' dir='ltr'><strong>milites</strong></span> <span class='ocrx_word' id='word_1_216' title='bbox 1525 2442 1646 2521; x_wconf 81' lang='lat' dir='ltr'><strong>(ita</strong></span> <span class='ocrx_word' id='word_1_217' title='bbox 1686 2458 1822 2507; x_wconf 88' lang='lat' dir='ltr'><strong>tum</strong></span> <span class='ocrx_word' id='word_1_218' title='bbox 1859 2444 2206 2525; x_wconf 78' lang='lat' dir='ltr'><strong>repentina</strong></span> 
     </span>
     <span class='ocr_line' id='line_1_29' title="bbox 104 2522 2073 2607; baseline -0.001 -21"><span class='ocrx_word' id='word_1_219' title='bbox 104 2524 346 2587; x_wconf 79' lang='lat' dir='ltr'><strong>auxilia</strong></span> <span class='ocrx_word' id='word_1_220' title='bbox 391 2522 825 2607; x_wconf 79' lang='lat' dir='ltr'><strong>adpellabant)</strong></span> <span class='ocrx_word' id='word_1_221' title='bbox 854 2525 1037 2605; x_wconf 84' lang='lat' dir='ltr'><strong>jussi.</strong></span> <span class='ocrx_word' id='word_1_222' title='bbox 1335 2582 1338 2585; x_wconf 79' lang='grc'>,</span> <span class='ocrx_word' id='word_1_223' title='bbox 2065 2560 2073 2575; x_wconf 81' lang='lat'><strong>·</strong></span> 
     </span>
    </p>

    <p class='ocr_par' dir='ltr' id='par_1_3' title="bbox 102 2598 2216 3814">
     <span class='ocr_line' id='line_1_30' title="bbox 264 2598 2210 2689; baseline -0.003 -19"><span class='ocrx_word' id='word_1_224' title='bbox 264 2606 347 2670; x_wconf 84' lang='lat' dir='ltr'><strong>V.</strong></span> <span class='ocrx_word' id='word_1_225' title='bbox 430 2606 619 2667; x_wconf 84' lang='lat' dir='ltr'><strong>Multi</strong></span> <span class='ocrx_word' id='word_1_226' title='bbox 652 2625 771 2687; x_wconf 84' lang='lat' dir='ltr'><strong>per</strong></span> <span class='ocrx_word' id='word_1_227' title='bbox 812 2627 925 2669; x_wconf 89' lang='lat' dir='ltr'><strong>eos</strong></span> <span class='ocrx_word' id='word_1_228' title='bbox 966 2606 1107 2669; x_wconf 84' lang='lat' dir='ltr'><strong>dies</strong></span> <span class='ocrx_word' id='word_1_229' title='bbox 1142 2618 1352 2669; x_wconf 87' lang='lat' dir='ltr'><strong>motus</strong></span> <span class='ocrx_word' id='word_1_230' title='bbox 1393 2601 1712 2685; x_wconf 86' lang='lat' dir='ltr'><strong>multique</strong></span> <span class='ocrx_word' id='word_1_231' title='bbox 1753 2601 2011 2689; x_wconf 79' lang='lat' dir='ltr'><strong>inpetus</strong></span> <span class='ocrx_word' id='word_1_232' title='bbox 2051 2598 2210 2665; x_wconf 85' lang='lat' dir='ltr'><strong>hinc</strong></span> 
     </span>
     <span class='ocr_line' id='line_1_31' title="bbox 104 2681 2208 2772; baseline -0.001 -25"><span class='ocrx_word' id='word_1_233' title='bbox 104 2700 297 2769; x_wconf 78' lang='lat' dir='ltr'><strong>atque</strong></span> <span class='ocrx_word' id='word_1_234' title='bbox 356 2684 539 2747; x_wconf 87' lang='lat' dir='ltr'><strong>illinc</strong></span> <span class='ocrx_word' id='word_1_235' title='bbox 580 2686 767 2761; x_wconf 81' lang='lat' dir='ltr'><strong>sacti,</strong></span> <span class='ocrx_word' id='word_1_236' title='bbox 828 2688 1015 2772; x_wconf 78' lang='lat' dir='ltr'><strong>quia,</strong></span> <span class='ocrx_word' id='word_1_237' title='bbox 1077 2698 1424 2769; x_wconf 77' lang='lat' dir='ltr'><strong>superante</strong></span> <span class='ocrx_word' id='word_1_238' title='bbox 1481 2682 1923 2757; x_wconf 85' lang='lat' dir='ltr'><strong>multitudine,</strong></span> <span class='ocrx_word' id='word_1_239' title='bbox 1983 2681 2208 2745; x_wconf 83' lang='lat' dir='ltr'><strong>hostes</strong></span> 
     </span>
     <span class='ocr_line' id='line_1_32' title="bbox 106 2760 2209 2849; baseline -0.002 -21"><span class='ocrx_word' id='word_1_240' title='bbox 106 2784 381 2849; x_wconf 81' lang='lat' dir='ltr'><strong>carpere</strong></span> <span class='ocrx_word' id='word_1_241' title='bbox 418 2765 829 2828; x_wconf 80' lang='lat' dir='ltr'><strong>multifariam</strong></span> <span class='ocrx_word' id='word_1_242' title='bbox 886 2767 1063 2831; x_wconf 81' lang='lat' dir='ltr'><strong>vires</strong></span> <span class='ocrx_word' id='word_1_243' title='bbox 1103 2771 1459 2837; x_wconf 80' lang='lat' dir='ltr'><strong>Romanas,</strong></span> <span class='ocrx_word' id='word_1_244' title='bbox 1519 2776 1592 2825; x_wconf 89' lang='lat' dir='ltr'><strong>ut</strong></span> <span class='ocrx_word' id='word_1_245' title='bbox 1629 2784 1760 2825; x_wconf 85' lang='lat' dir='ltr'><strong>non</strong></span> <span class='ocrx_word' id='word_1_246' title='bbox 1801 2760 2209 2825; x_wconf 75' lang='lat' dir='ltr'><strong>subfecturas</strong></span> 
     </span>
     <span class='ocr_line' id='line_1_33' title="bbox 104 2841 2206 2931; baseline -0.001 -26"><span class='ocrx_word' id='word_1_247' title='bbox 104 2845 181 2905; x_wconf 82' lang='lat' dir='ltr'><strong>ad</strong></span> <span class='ocrx_word' id='word_1_248' title='bbox 234 2846 453 2908; x_wconf 84' lang='lat' dir='ltr'><strong>omnia</strong></span> <span class='ocrx_word' id='word_1_249' title='bbox 476 2890 493 2920; x_wconf 91' lang='lat'>‚</span> <span class='ocrx_word' id='word_1_250' title='bbox 554 2847 845 2931; x_wconf 77' lang='lat' dir='ltr'><strong>adgressi</strong></span> <span class='ocrx_word' id='word_1_251' title='bbox 898 2860 1069 2911; x_wconf 84' lang='lat' dir='ltr'><strong>sunt.</strong></span> <span class='ocrx_word' id='word_1_252' title='bbox 1140 2846 1328 2910; x_wconf 82' lang='lat' dir='ltr'><strong>simul</strong></span> <span class='ocrx_word' id='word_1_253' title='bbox 1377 2858 1582 2907; x_wconf 81' lang='lat' dir='ltr'><strong>castra</strong></span> <span class='ocrx_word' id='word_1_254' title='bbox 1633 2841 2206 2927; x_wconf 77' lang='lat' dir='ltr'><strong>obpugnabantur3</strong></span> 
     </span>
     <span class='ocr_line' id='line_1_34' title="bbox 104 2924 2210 3023; baseline -0.002 -37"><span class='ocrx_word' id='word_1_255' title='bbox 104 2926 295 2987; x_wconf 82' lang='lat' dir='ltr'><strong>simul</strong></span> <span class='ocrx_word' id='word_1_256' title='bbox 348 2946 503 3009; x_wconf 82' lang='lat' dir='ltr'><strong>pars</strong></span> <span class='ocrx_word' id='word_1_257' title='bbox 568 2929 888 2990; x_wconf 77' lang='lat' dir='ltr'><strong>exercitus</strong></span> <span class='ocrx_word' id='word_1_258' title='bbox 941 2926 1020 2989; x_wconf 85' lang='lat' dir='ltr'><strong>ad</strong></span> <span class='ocrx_word' id='word_1_259' title='bbox 1068 2924 1514 3023; x_wconf 76' lang='lat' dir='ltr'><strong>populandum</strong></span> <span class='ocrx_word' id='word_1_260' title='bbox 1571 2944 1794 3006; x_wconf 84' lang='lat' dir='ltr'><strong>agrum</strong></span> <span class='ocrx_word' id='word_1_261' title='bbox 1852 2926 2210 2983; x_wconf 85' lang='lat' dir='ltr'><strong>Romanum</strong></span> 
     </span>
     <span class='ocr_line' id='line_1_35' title="bbox 104 3000 2209 3093; baseline -0.003 -26"><span class='ocrx_word' id='word_1_262' title='bbox 104 3008 320 3079; x_wconf 79' lang='lat' dir='ltr'><strong>missa,</strong></span> <span class='ocrx_word' id='word_1_263' title='bbox 366 3007 591 3069; x_wconf 84' lang='lat' dir='ltr'><strong>urbem</strong></span> <span class='ocrx_word' id='word_1_264' title='bbox 642 3030 719 3070; x_wconf 88' lang='lat' dir='ltr'><strong>ue</strong></span> <span class='ocrx_word' id='word_1_265' title='bbox 754 3010 985 3093; x_wconf 85' lang='lat' dir='ltr'><strong>ipsam,</strong></span> <span class='ocrx_word' id='word_1_266' title='bbox 1032 3029 1089 3070; x_wconf 70' lang='lat' dir='ltr'><strong>si</strong></span> <span class='ocrx_word' id='word_1_267' title='bbox 1131 3030 1249 3093; x_wconf 86' lang='lat' dir='ltr'><strong>qua</strong></span> <span class='ocrx_word' id='word_1_268' title='bbox 1292 3006 1549 3068; x_wconf 82' lang='lat' dir='ltr'><strong>fortuna</strong></span> <span class='ocrx_word' id='word_1_269' title='bbox 1576 3002 1774 3077; x_wconf 83' lang='lat' dir='ltr'><strong>daret,</strong></span> <span class='ocrx_word' id='word_1_270' title='bbox 1818 3000 2209 3065; x_wconf 75' lang='lat' dir='ltr'><strong>tentandam.</strong></span> 
     </span>
     <span class='ocr_line' id='line_1_36' title="bbox 106 3083 2212 3171; baseline -0.002 -24"><span class='ocrx_word' id='word_1_271' title='bbox 106 3090 179 3147; x_wconf 80' lang='lat'><strong>1..</strong></span> <span class='ocrx_word' id='word_1_272' title='bbox 220 3086 529 3151; x_wconf 81' lang='lat' dir='ltr'><strong>Valerius</strong></span> <span class='ocrx_word' id='word_1_273' title='bbox 573 3110 607 3149; x_wconf 83' lang='lat' dir='ltr'><strong>a</strong></span> <span class='ocrx_word' id='word_1_274' title='bbox 692 3089 1087 3171; x_wconf 81' lang='lat' dir='ltr'><strong>praesidium</strong></span> <span class='ocrx_word' id='word_1_275' title='bbox 1126 3086 1308 3149; x_wconf 83' lang='lat' dir='ltr'><strong>urbis</strong></span> <span class='ocrx_word' id='word_1_276' title='bbox 1349 3083 1648 3161; x_wconf 84' lang='lat' dir='ltr'><strong>relictus3</strong></span> <span class='ocrx_word' id='word_1_277' title='bbox 1709 3084 1938 3145; x_wconf 82' lang='lat' dir='ltr'><strong>consul</strong></span> <span class='ocrx_word' id='word_1_278' title='bbox 1977 3086 2212 3159; x_wconf 84' lang='lat' dir='ltr'><strong>Postu-</strong></span> 
     </span>
     <span class='ocr_line' id='line_1_37' title="bbox 104 3158 2211 3252; baseline -0.002 -25"><span class='ocrx_word' id='word_1_279' title='bbox 104 3167 271 3228; x_wconf 80' lang='lat' dir='ltr'><strong>mius</strong></span> <span class='ocrx_word' id='word_1_280' title='bbox 312 3164 397 3228; x_wconf 79' lang='lat' dir='ltr'><strong>ad</strong></span> <span class='ocrx_word' id='word_1_281' title='bbox 434 3166 743 3231; x_wconf 81' lang='lat' dir='ltr'><strong>arcendas</strong></span> <span class='ocrx_word' id='word_1_282' title='bbox 784 3169 1235 3252; x_wconf 84' lang='lat' dir='ltr'><strong>populationes</strong></span> <span class='ocrx_word' id='word_1_283' title='bbox 1281 3165 1504 3227; x_wconf 83' lang='lat' dir='ltr'><strong>finium</strong></span> <span class='ocrx_word' id='word_1_284' title='bbox 1545 3165 1799 3227; x_wconf 81' lang='lat' dir='ltr'><strong>missus.</strong></span> <span class='ocrx_word' id='word_1_285' title='bbox 1883 3158 2064 3223; x_wconf 86' lang='lat' dir='ltr'><strong>Nihil</strong></span> <span class='ocrx_word' id='word_1_286' title='bbox 2104 3182 2211 3224; x_wconf 83' lang='lat' dir='ltr'><strong>re-</strong></span> 
     </span>
     <span class='ocr_line' id='line_1_38' title="bbox 104 3240 2210 3332; baseline -0.002 -25"><span class='ocrx_word' id='word_1_287' title='bbox 104 3248 374 3311; x_wconf 74' lang='lat' dir='ltr'><strong>missum</strong></span> <span class='ocrx_word' id='word_1_288' title='bbox 418 3248 499 3309; x_wconf 84' lang='lat' dir='ltr'><strong>ab</strong></span> <span class='ocrx_word' id='word_1_289' title='bbox 540 3250 673 3311; x_wconf 86' lang='lat' dir='ltr'><strong>ulla</strong></span> <span class='ocrx_word' id='word_1_290' title='bbox 712 3264 895 3332; x_wconf 85' lang='lat' dir='ltr'><strong>parte</strong></span> <span class='ocrx_word' id='word_1_291' title='bbox 940 3268 1129 3311; x_wconf 85' lang='lat' dir='ltr'><strong>curae</strong></span> <span class='ocrx_word' id='word_1_292' title='bbox 1172 3260 1280 3309; x_wconf 85' lang='lat' dir='ltr'><strong>aut</strong></span> <span class='ocrx_word' id='word_1_293' title='bbox 1310 3245 1576 3308; x_wconf 83' lang='lat' dir='ltr'><strong>laboris.</strong></span> <span class='ocrx_word' id='word_1_294' title='bbox 1619 3242 1885 3326; x_wconf 75' lang='lat' dir='ltr'><strong>vigiliae</strong></span> <span class='ocrx_word' id='word_1_295' title='bbox 1928 3244 1995 3304; x_wconf 87' lang='lat' dir='ltr'><strong>in</strong></span> <span class='ocrx_word' id='word_1_296' title='bbox 2023 3240 2210 3317; x_wconf 84' lang='lat' dir='ltr'><strong>urbe,</strong></span> 
     </span>
     <span class='ocr_line' id='line_1_39' title="bbox 102 3320 2209 3416; baseline -0.001 -30"><span class='ocrx_word' id='word_1_297' title='bbox 102 3328 419 3389; x_wconf 83' lang='lat' dir='ltr'><strong>stationes</strong></span> <span class='ocrx_word' id='word_1_298' title='bbox 472 3342 647 3391; x_wconf 86' lang='lat' dir='ltr'><strong>ante·</strong></span> <span class='ocrx_word' id='word_1_299' title='bbox 686 3340 936 3411; x_wconf 83' lang='lat' dir='ltr'><strong>portas,</strong></span> <span class='ocrx_word' id='word_1_300' title='bbox 1006 3326 1460 3411; x_wconf 81' lang='lat' dir='ltr'><strong>praesidiaque</strong></span> <span class='ocrx_word' id='word_1_301' title='bbox 1519 3326 1588 3386; x_wconf 87' lang='lat' dir='ltr'><strong>in</strong></span> <span class='ocrx_word' id='word_1_302' title='bbox 1629 3322 1830 3416; x_wconf 68' lang='lat' dir='ltr'><strong>muris</strong></span> <span class='ocrx_word' id='word_1_303' title='bbox 1874 3320 2209 3405; x_wconf 82' lang='lat' dir='ltr'><strong>disposita,</strong></span> 
     </span>
     <span class='ocr_line' id='line_1_40' title="bbox 104 3403 2214 3491; baseline -0.002 -22"><span class='ocrx_word' id='word_1_304' title='bbox 104 3422 211 3477; x_wconf 83' lang='lat' dir='ltr'><strong>et,</strong></span> <span class='ocrx_word' id='word_1_305' title='bbox 276 3409 453 3491; x_wconf 86' lang='lat' dir='ltr'><strong>quod</strong></span> <span class='ocrx_word' id='word_1_306' title='bbox 514 3430 821 3473; x_wconf 80' lang='lat' dir='ltr'><strong>necesse·</strong></span> <span class='ocrx_word' id='word_1_307' title='bbox 848 3422 987 3472; x_wconf 88' lang='lat' dir='ltr'><strong>erat</strong></span> <span class='ocrx_word' id='word_1_308' title='bbox 1042 3410 1109 3469; x_wconf 87' lang='lat' dir='ltr'><strong>in</strong></span> <span class='ocrx_word' id='word_1_309' title='bbox 1150 3422 1328 3471; x_wconf 85' lang='lat' dir='ltr'><strong>tanto</strong></span> <span class='ocrx_word' id='word_1_310' title='bbox 1368 3406 1672 3477; x_wconf 89' lang='lat' dir='ltr'><strong>tumultu,</strong></span> <span class='ocrx_word' id='word_1_311' title='bbox 1731 3403 2060 3483; x_wconf 75' lang='lat' dir='ltr'><strong>justitium·</strong></span> <span class='ocrx_word' id='word_1_312' title='bbox 2091 3424 2214 3485; x_wconf 85' lang='lat' dir='ltr'><strong>per</strong></span> 
     </span>
     <span class='ocr_line' id='line_1_41' title="bbox 102 3483 2211 3573; baseline -0.001 -26"><span class='ocrx_word' id='word_1_313' title='bbox 102 3490 353 3573; x_wconf 82' lang='lat' dir='ltr'><strong>aliquot</strong></span> <span class='ocrx_word' id='word_1_314' title='bbox 395 3488 539 3553; x_wconf 81' lang='lat' dir='ltr'><strong>dies</strong></span> <span class='ocrx_word' id='word_1_315' title='bbox 584 3504 926 3555; x_wconf 81' lang='lat' dir='ltr'><strong>servatum.</strong></span> <span class='ocrx_word' id='word_1_316' title='bbox 984 3488 1251 3551; x_wconf 80' lang='lat' dir='ltr'><strong>Interim</strong></span> <span class='ocrx_word' id='word_1_317' title='bbox 1294 3488 1363 3548; x_wconf 88' lang='lat' dir='ltr'><strong>in</strong></span> <span class='ocrx_word' id='word_1_318' title='bbox 1403 3486 1631 3549; x_wconf 79' lang='lat' dir='ltr'><strong>castris</strong></span> <span class='ocrx_word' id='word_1_319' title='bbox 1675 3483 1912 3546; x_wconf 80' lang='lat' dir='ltr'><strong>Furius</strong></span> <span class='ocrx_word' id='word_1_320' title='bbox 1957 3484 2211 3559; x_wconf 81' lang='lat' dir='ltr'><strong>consul,</strong></span> 
     </span>
     <span class='ocr_line' id='line_1_42' title="bbox 107 3561 2212 3657; baseline -0.002 -28"><span class='ocrx_word' id='word_1_321' title='bbox 107 3588 303 3651; x_wconf 79' lang='lat' dir='ltr'><strong>quum</strong></span> <span class='ocrx_word' id='word_1_322' title='bbox 346 3570 558 3650; x_wconf 83' lang='lat' dir='ltr'><strong>primo</strong></span> <span class='ocrx_word' id='word_1_323' title='bbox 690 3572 857 3634; x_wconf 81' lang='lat' dir='ltr'><strong>ietus</strong></span> <span class='ocrx_word' id='word_1_324' title='bbox 902 3570 1314 3631; x_wconf 82' lang='lat' dir='ltr'><strong>obsidionem</strong></span> <span class='ocrx_word' id='word_1_325' title='bbox 1354 3587 1580 3649; x_wconf 80' lang='lat' dir='ltr'><strong>passus</strong></span> <span class='ocrx_word' id='word_1_326' title='bbox 1625 3578 1835 3636; x_wconf 78' lang='lat' dir='ltr'><strong>esset,</strong></span> <span class='ocrx_word' id='word_1_327' title='bbox 1881 3561 1952 3625; x_wconf 88' lang='lat' dir='ltr'><strong>in</strong></span> <span class='ocrx_word' id='word_1_328' title='bbox 1993 3562 2212 3657; x_wconf 68' lang='lat' dir='ltr'><strong>incarn-3</strong></span> 
     </span>
     <span class='ocr_line' id='line_1_43' title="bbox 108 3648 2214 3731; baseline -0.002 -22"><span class='ocrx_word' id='word_1_329' title='bbox 108 3662 237 3709; x_wconf 84' lang='lat' dir='ltr'><strong>tum</strong></span> <span class='ocrx_word' id='word_1_330' title='bbox 290 3648 547 3713; x_wconf 81' lang='lat' dir='ltr'><strong>hostem</strong></span> <span class='ocrx_word' id='word_1_331' title='bbox 635 3671 938 3714; x_wconf 83' lang='lat' dir='ltr'><strong>ecumana</strong></span> <span class='ocrx_word' id='word_1_332' title='bbox 976 3665 1161 3731; x_wconf 87' lang='lat' dir='ltr'><strong>porta</strong></span> <span class='ocrx_word' id='word_1_333' title='bbox 1212 3648 1462 3730; x_wconf 86' lang='lat' dir='ltr'><strong>erupit,</strong></span> <span class='ocrx_word' id='word_1_334' title='bbox 1522 3661 1610 3721; x_wconf 85' lang='lat' dir='ltr'><strong>et,</strong></span> <span class='ocrx_word' id='word_1_335' title='bbox 1666 3664 1861 3729; x_wconf 88' lang='lat' dir='ltr'><strong>quum</strong></span> <span class='ocrx_word' id='word_1_336' title='bbox 1901 3662 2214 3727; x_wconf 73' lang='lat' dir='ltr'><strong>persequi</strong></span> 
     </span>
     <span class='ocr_line' id='line_1_44' title="bbox 108 3722 2216 3814; baseline -0.005 -21"><span class='ocrx_word' id='word_1_337' title='bbox 108 3744 359 3809; x_wconf 79' lang='lat' dir='ltr'><strong>posset,</strong></span> <span class='ocrx_word' id='word_1_338' title='bbox 416 3744 597 3794; x_wconf 84' lang='lat' dir='ltr'><strong>metu</strong></span> <span class='ocrx_word' id='word_1_339' title='bbox 639 3730 925 3796; x_wconf 79' lang='lat' dir='ltr'><strong>substitit</strong></span> <span class='ocrx_word' id='word_1_340' title='bbox 954 3731 1126 3808; x_wconf 62' lang='lat' dir='ltr'><strong>m),</strong></span> <span class='ocrx_word' id='word_1_341' title='bbox 1182 3750 1267 3791; x_wconf 88' lang='lat' dir='ltr'><strong>ne</strong></span> <span class='ocrx_word' id='word_1_342' title='bbox 1311 3750 1468 3814; x_wconf 80' lang='lat' dir='ltr'><strong>qua,</strong></span> <span class='ocrx_word' id='word_1_343' title='bbox 1509 3746 1591 3789; x_wconf 79' lang='lat' dir='ltr'><strong>ex</strong></span> <span class='ocrx_word' id='word_1_344' title='bbox 1629 3740 1816 3810; x_wconf 84' lang='lat' dir='ltr'><strong>parte</strong></span> <span class='ocrx_word' id='word_1_345' title='bbox 1857 3725 2094 3796; x_wconf 82' lang='lat' dir='ltr'><strong>altera,</strong></span> <span class='ocrx_word' id='word_1_346' title='bbox 2143 3722 2216 3784; x_wconf 83' lang='lat' dir='ltr'><strong>in</strong></span> 
     </span>
    </p>
   </div>
   <div class='ocr_carea' id='block_1_3' title="bbox 108 3842 451 3859">
    <p class='ocr_par' dir='ltr' id='par_1_4' title="bbox 108 3842 451 3859">
     <span class='ocr_line' id='line_1_45' title="bbox 108 3842 451 3859; baseline 0 450"><span class='ocrx_word' id='word_1_347' title='bbox 108 3842 451 3859; x_wconf 95' lang='lat' dir='ltr'><strong> </strong></span> 
     </span>
    </p>
   </div>
   <div class='ocr_carea' id='block_1_4' title="bbox 174 3890 2216 3969">
    <p class='ocr_par' dir='ltr' id='par_1_5' title="bbox 174 3890 2216 3969">
     <span class='ocr_line' id='line_1_46' title="bbox 174 3890 2216 3969; baseline -0.005 -18"><span class='ocrx_word' id='word_1_348' title='bbox 174 3898 227 3964; x_wconf 68' lang='lat'><strong>⁵)</strong></span> <span class='ocrx_word' id='word_1_349' title='bbox 254 3910 481 3969; x_wconf 66' lang='lat' dir='ltr'><strong>gravate</strong></span> <span class='ocrx_word' id='word_1_350' title='bbox 513 3898 687 3959; x_wconf 80' lang='lat' dir='ltr'><strong>Gron.</strong></span> <span class='ocrx_word' id='word_1_351' title='bbox 724 3900 881 3959; x_wconf 61' lang='lat' dir='ltr'><strong>(ker.</strong></span> <span class='ocrx_word' id='word_1_352' title='bbox 996 3898 1085 3969; x_wconf 60' lang='lat'><strong>⁵⁸)</strong></span> <span class='ocrx_word' id='word_1_353' title='bbox 1118 3898 1310 3952; x_wconf 61' lang='lat' dir='ltr'><strong>adderet</strong></span> <span class='ocrx_word' id='word_1_354' title='bbox 1343 3896 1518 3954; x_wconf 73' lang='lat' dir='ltr'><strong>Gron.</strong></span> <span class='ocrx_word' id='word_1_355' title='bbox 1555 3894 1710 3952; x_wconf 70' lang='lat' dir='ltr'><strong>Crev.</strong></span> <span class='ocrx_word' id='word_1_356' title='bbox 1833 3892 1954 3956; x_wconf 51' lang='grc' dir='ltr'><strong>’,ἢ</strong></span> <span class='ocrx_word' id='word_1_357' title='bbox 1988 3890 2216 3943; x_wconf 73' lang='lat' dir='ltr'><strong>subeim&#39;s</strong></span> 
     </span>
    </p>
   </div>
   <div class='ocr_carea' id='block_1_5' title="bbox 278 3968 453 4022">
    <p class='ocr_par' dir='ltr' id='par_1_6' title="bbox 278 3968 453 4022">
     <span class='ocr_line' id='line_1_47' title="bbox 278 3968 453 4022; baseline 0.006 -1"><span class='ocrx_word' id='word_1_358' title='bbox 278 3968 453 4022; x_wconf 78' lang='lat' dir='ltr'><strong>Gron-</strong></span> 
     </span>
    </p>
   </div>
   <div class='ocr_carea' id='block_1_6' title="bbox 182 4030 1790 4131">
    <p class='ocr_par' dir='ltr' id='par_1_7' title="bbox 182 4030 1790 4131">
     <span class='ocr_line' id='line_1_48' title="bbox 182 4030 1790 4131; baseline -0.004 -7"><span class='ocrx_word' id='word_1_359' title='bbox 182 4066 379 4131; x_wconf 62' lang='lat' dir='ltr'><strong>Liuius.</strong></span> <span class='ocrx_word' id='word_1_360' title='bbox 442 4067 491 4127; x_wconf 77' lang='grc' dir='ltr'><strong>ι.</strong></span> <span class='ocrx_word' id='word_1_361' title='bbox 1743 4030 1790 4099; x_wconf 76' lang='grc'><strong>8</strong></span> 
     </span>
    </p>
   </div>
  </div>
 </body>
</html>
