2534 4309
372 160 503 225 140
650 149 707 216 L
756 168 779 213 1
832 166 869 213 s
924 167 963 215 E
1014 165 1063 215 R
1162 148 1288 213 111.
1393 144 1447 213 C
1497 166 1540 211 A
1593 168 1646 213 P.
1749 143 1864 219 56.
1916 142 2208 233 57..5s.

300 356 307 363 ·
362 336 609 399 tiabant
648 334 718 395 in
757 334 928 413 floro.
1012 334 1082 397 si
1122 336 1266 420 quis
1310 332 1622 417 collegam
1661 332 2063 415 adpellasset,
2107 334 2187 397 ab
2229 356 2339 419 eo,
2387 336 2475 397 ad

363 439 553 501 quem
576 430 859 489 venerat,
904 416 993 477 ita
1035 414 1409 477 discedebat
1435 416 1521 492 ¹¹²),
1562 428 1633 475 ut
1673 415 2060 495 poeniteret,
2103 436 2238 477 non
2273 417 2472 513 prio-

366 499 458 560 ris
503 496 766 557 decreto
810 496 1089 559 stetisse.
1172 495 1420 577 Opinio
1473 494 1663 557 etiam
1704 494 1846 557 sine
1887 508 2146 559 auctore
2187 512 2469 569 exierat,

362 598 491 638 non
544 576 611 637 in
664 577 1027 656 praesentis
1084 576 1280 637 modo
1333 576 1643 657 temporis
1685 595 1798 636 eos
1841 574 2139 653 injuriam
2191 578 2470 659 conspi-

360 676 571 729 rasse,
658 654 774 717 sed
814 655 1045 732 foedus
1089 656 1555 718 clandestinum
1595 656 1766 717 inter
1821 656 1999 737 ipsos
2047 654 2470 737 ‘urejurando

362 739 593 809 ictum,
654 756 736 797 ne
780 736 1033 797 comitia
1092 736 1443 810 haberent,
1505 749 1953 821 perpetuoque
2001 746 2006 757 '
2061 736 2466 801 ecemviratu

360 836 734 901 possessum
775 816 973 878 semel
1018 816 1395 878 obtinerent
1434 816 1800 897 imperium.

518 898 837 977 xxxvss.
940 897 1496 979 circumspectare
1551 910 1685 978 Qun
1755 895 2176 977 patriciorum
2237 898 2462 959 vultus

362 974 649 1059 plebeii,
696 990 761 1039 et
802 975 956 1037 inde
995 977 1310 1039 libertatis
1355 989 1610 1059 captare
1653 996 1900 1049 auram,
1965 976 2138 1039 unde
2179 978 2461 1039 servitu-

357 1072 485 1118 tem
556 1056 842 1119 timendo
904 1057 973 1116 in
1014 1078 1183 1121 eum,
1219 1069 1453 1119 statum
1525 1056 1988 1137 rempublicam
2037 1052 2460 1121 adduxerant.

355 1138 685 1200 Primores
718 1141 977 1199 Patrurn
1020 1138 1237 1201 odisse
1273 1136 1692 1209 decemviros,
1737 1132 1953 1199 odisse
1983 1136 2285 1218 ‚plebemt
2330 1158 2462 1198 nec

354 1218 657 1299 probare,
686 1238 847 1301 quae
886 1216 1160 1296 fierent3
1194 1231 1255 1279 et
1291 1215 1582 1289 credere,
1609 1213 1780 1277 haud
1815 1214 2099 1299 indignis
2131 1214 2458 1281 accidere.

354 1297 561 1361 Avide
620 1298 871 1359 ruendo
939 1296 1019 1357 ad
1076 1298 1443 1360 libertatem
1496 1298 1565 1359 in
1639 1296 2012 1359 servitutem
2063 1296 2316 1379 elapsos
2349 1296 2461 1373 ἢ)

358 1378 578 1455 juvare
619 1378 833 1439 nolle:
882 1380 1203 1439 cumulare
1248 1396 1505 1462 quoque
1547 1372 1850 1456 injurias,
1893 1390 1962 1439 ut
2001 1377 2216 1440 taedio
2259 1400 2457 1460 prae-
2511 1440 2524 1453 ‚

356 1458 633 1519 sentium
673 1458 974 1520 consules
1036 1457 1160 1520 duo
1214 1456 1472 1521 tandem
1525 1467 1606 1536 etl
1633 1467 1830 1517 status
1873 1456 2187 1538 pristinus
2231 1479 2460 1521 rerum

355 1539 425 1597 in
470 1535 859 1598 desiderium
918 1538 1201 1600 veniant.
1286 1541 1426 1600 Jam
1478 1552 1544 1601 et
1583 1550 1993 1618 processerat
2051 1558 2202 1618 pars
2243 1538 2460 1617 major

355 1618 537 1687 anni,
606 1631 671 1677 et
713 1616 873 1678 duae
914 1616 1164 1680 tabulae
1221 1618 1433 1701 legum
1476 1617 1557 1679 ad
1595 1615 1837 1699 prioris
1893 1617 2046 1677 anni
2089 1616 2314 1679 decem
2359 1632 2454 1679 ta-

353 1696 535 1760 bulas
594 1712 778 1759 erant
831 1696 1152 1776 adjectae:
1216 1720 1339 1760 nec
1401 1696 1742 1791 quidquam
1797 1697 1918 1776 jam
1963 1710 2329 1778 supererat,
2393 1698 2454 1760 si

352 1776 473 1837 hae
543 1796 797 1860 quoque
854 1779 1033 1860 leges
1088 1778 1486 1841 centuriatis
1522 1776 1800 1842 comitiis
1859 1775 2144 1859 perlatae
2206 1791 2450 1851 essent,

354 1878 469 1917 cur
520 1877 600 1918 eo
656 1858 1027 1940 magistratu
1102 1858 1499 1941 reipublicae
1559 1880 1598 1919 o
1645 1877 1719 1917 us
1779 1870 1974 1920 esset.
2095 1861 2450 1939 Exspecta-

351 1936 555 2009 bant‚.
654 1960 751 1999 am
792 1959 941 1999 mox
982 1940 1354 2003 consulibus
1391 1959 1582 2000 ercan
1627 1937 1682 1997 is
1714 1936 1968 1999 comitia
2012 1934 2448 1999 edicerentur.

348 2016 427 2081 ld
470 1953 660 2079 1]ιοῖ
700 2018 928 2099 plebes
970 2018 1282 2101 agitabat,
1329 2040 1616 2101 quonam‘
1643 2016 1832 2079 modo
1873 2016 2284 2080 tribuniciam
2323 2038 2444 2097 po-

354 2110 671 2169 testatem,
712 2099 1171 2162 munimentum
1212 2098 1528 2170 libertati,
1574 2118 1712 2159 rem
1753 2097 2211 2167 intermissam,
2255 2118 2446 2178 repa-

351 2192 589 2239 rarent.
639 2178 885 2279 *Quum
928 2179 1189 2240 interim
1230 2178 1472 2241 mentio
1506 2176 1913 2240 comitiorum
1953 2180 2122 2240 nulla
2166 2176 2332 2247 fieri,
2381 2192 2450 2239 et

352 2256 722 2330 decemviri,
769 2259 879 2341 qui
910 2259 1120 2340 primo
1162 2258 1546 2321 tribunicios
1577 2257 1892 2331 homines,
1981 2258 2084 2319 uia
2125 2256 2192 2318 id
2233 2278 2446 2339 popu·

346 2337 485 2398 lare
526 2338 897 2413 habebatur,
944 2338 1183 2400 circum
1234 2359 1306 2399 se
1349 2351 1821 2402 ostentaverant
1859 2338 1967 2419 ple
2015 2338 2077 2399 ei
2099 2338 2280 2416 ***),
2329 2360 2444 2419 pa-

348 2416 557 2481 triciis
600 2416 937 2497 juvenibus
980 2433 1318 2499 sepserant
1357 2420 1578 2483 latera.
1640 2437 1860 2479 eorum
1903 2430 2197 2481 catervae·
2231 2419 2442 2509 tribus

350 2498 516 2557 nalia
559 2498 963 2561 obsederant.
1015 2498 1103 2561 Hi
1146 2499 1344 2569 serre,
1387 2497 1580 2582 agere
1623 2498 1880 2579 plebem
1921 2497 2263 2582 plebisque
2305 2521 2442 2571 res,

352 2598 547 2659 quum
585 2578 880 2653 fortuna,
926 2602 1049 2663 qua
1092 2579 1404 2662 quidquid
1447 2580 1731 2660 cupitum
1773 2577 1984 2651 foret,
2043 2578 2438 2659 potentioris

352 2671 544 2720 esset.
589 2660 674 2719 Et
712 2658 835 2739 jam
877 2680 960 2721 ne
1002 2675 1186 2741 tergo
1230 2659 1487 2743 quidem
1529 2658 1999 2721 abstinebatur:
2043 2658 2244 2741 virgis
2287 2680 2436 2721 cac-

349 2736 454 2809 di,
500 2738 611 2799 alii
650 2740 863 2801 securi
906 2740 1181 2821 subjici3
1246 2754 1346 2813 et,
1395 2728 1495 2801 'ne
1537 2738 1810 2820 gratuita
1850 2738 2194 2801 crudelitas
2236 2754 2436 2813 esset,

346 2817 662 2879 bonorum
706 2818 963 2881 donatio
1008 2820 1191 2905 sequi
1237 2818 1482 2881 domini
1522 2818 1930 2899 supplicium.
2013 2822 2150 2881 Hac
2188 2841 2434 2882 merce-

313 2896 430 2981 ,εἶθ
470 2898 767 2977 juventus
808 2900 1048 2963 nobilis
1090 2914 1392 2983 corrupta
1449 2920 1580 2961 non
1621 2898 1813 2960 modo
1855 2920 1987 2960 non
2041 2900 2139 2960 ire
2179 2897 2434 2963 obviam

348 2977 641 3056 injuriae,
688 2979 803 3041 scd
842 2981 1170 3063 propalam
1212 2980 1542 3065 licentiam
1583 3000 1757 3041 suam
1797 2980 2026 3056 malle,
2069 3000 2256 3065 quam
2273 2992 2434 3043 ‘om-

346 3057 526 3119 nium
566 3058 947 3121 libertatem.
1771 3104 1792 3121 .

382 3150 455 3208 U.
492 3172 539 3209 c.
580 3154 698 3209 305,
966 3140 1315 3207 XXXVIII.
1359 3141 1505 3201 Idus
1531 3138 1736 3220 Maiae
1752 3159 2014 3203 venere.
2055 3138 2262 3203 Nullis
2274 3140 2432 3201 sub-

382 3237 434 3275 a,
472 3220 531 3271 C·
574 3230 689 3285 447.
810 3220 1051 3301 rogatis
1070 3221 1568 3302 magistratibus,
1596 3220 1831 3302 privati
1865 3242 1990 3315 pro
2019 3218 2424 3293 decemviris,

338 3315 553 3378 neque
570 3300 795 3359 animis
818 3300 893 3361 ad
914 3300 1253 3382 imperium
1277 3298 1698 3363 inhibendum
1725 3302 2082 3375 inminutis,
2113 3322 2321 3384 neque
2349 3302 2428 3361 ad

341 3378 625 3455 speciem
646 3378 912 3441 honoris
935 3382 1313 3465 insignibus,
1333 3382 1675 3463 prodeunt.
1719 3380 1786 3441 id
1803 3403 1958 3445 vero
1978 3402 2242 3465 regnmn
2261 3380 2426 3442 haud

342 3452 536 3553 dubie
556 3457 783 3521 videri.
824 3462 1298 3555 Deploraturin
1321 3476 1700 3545 perpetuum
1717 3462 2024 3539 libertas3
2059 3462 2426 3524 nccvindcx
2516 3502 2517 3505 =

340 3539 677 3677 quisquam
728 3541 1019 3615 exsistit,
1082 3556 1189 3603 aut
1228 3542 1481 3605 futurus
1523 3540 1815 3623 videtur..
1864 3563 1987 3603 nec
2042 3541 2170 3623 ipsi
2219 3543 2426 3603 solum

387 3617 822 3711 esponderant
864 3622 1139 3699 animos,
1200 3622 1319 3683 sed
1359 3622 1683 3685 contemni
1725 3642 1840 3685 coe
1865 3622 1940 3684 ›ti
1983 3636 2164 3683 erant
2205 3645 2238 3683 a
2277 3619 2424 3682 fini-

296 3696 514 3759 'titms
557 3700 855 3779 populis:
915 3701 1384 3785 imperiumque
1443 3702 1534 3765 ibi
1575 3724 1754 3777 esse,
1807 3726 1850 3763 u
1900 3704 1921 3763 i
1962 3724 2090 3763 non
2134 3716 2306 3764 esset
2345 3704 2424 3762 li-

340 3776 590 3851 bertas,
618 3779 1151 3864 ‘indignabantun
1236 3782 1458 3844 Sabini
1500 3803 1723 3866 magna
1763 3804 1950 3845 manu
1990 3783 2424 3847 incursionem

406 3948 465 4011 ⁴¹)
502 3948 769 4001 decedebat
802 3946 971 4005 Gron.
1044 3954 1131 4019 ¹¹⁹)
1168 3952 1334 4022 lapsos
1371 3950 1523 4009 (ἴτον.
1630 3954 1749 4017 *”)
1780 3952 1917 4019 plebi
1949 3950 2122 4007 Gron.
2169 3948 2324 4003 Crem
