2534 4309
357 142 540 246 444‘
763 134 1170 202 Lissa
1265 133 1714 203 xciv.
1824 151 2013 202 ιι.

393 336 468 394 υ,
507 353 558 394 e,
597 335 712 396 450,
1027 323 1073 380 Ι.
1157 325 1230 381 L.
1280 319 1607 390 Genucio,
1666 323 1806 382 Ser.
1852 319 2163 382 Cornelio
2224 339 2433 380 consu-

289 407 293 409 ’
391 422 442 454 ει.
481 401 544 459 C.
585 404 700 458 ὅου.
856 399 1058 475 libus,
1117 401 1196 462 ab
1242 400 1526 462 externis
1569 400 1777 463 ferme
1816 399 2007 460 bellis
2064 399 2275 461 otium
2314 399 2435 458 fuit.

367 479 592 543 Soram
637 491 826 562 atque
854 480 1077 541 Albam
1121 481 1415 543 coloniae
1458 478 1785 541 deductae.
1826 479 2058 540 Albam
2097 479 2171 539 in
2200 480 2441 561 Aequos

357 579 480 620 sex
521 557 718 619 millia
761 559 1138 622 colonorum
1193 561 1459 641 scripta.
1542 561 1702 622 Sora
1763 559 1901 641 agri
1944 556 2171 620 Volsci
2216 558 2441 632 suerat3

358 639 480 700 sed
535 639 960 720 possederant
1013 639 1353 701 Samnites.
1413 639 1523 701 eo'·
1550 653 1819 722 quatuor
1876 639 2075 698 millia
2134 636 2445 700 hominum

359 717 598 782 missa.·
659 719 906 780 Eodem
967 741 1134 782 anno
1184 719 1600 800 Arpinatibus
1663 718 2180 801 Trebulanisque
2236 718 2445 780 civitas

360 798 525 860 data.
609 798 979 861 Frusinates
1021 800 1214 861 tertia
1253 813 1437 881 parte
1478 800 1617 882 agri
1660 798 1953 871 damnati,
2003 797 2179 881 quod
2218 797 2446 860 Herni-

367 898 482 945 cos
523 878 602 940 ab
643 879 740 940 eis
781 879 1160 942 sollicitatos
1203 894 1640 960 compertum:
1686 881 2021 960 capitaque
2064 877 2445 956 conjuratio-

359 958 463 1019 nis
520 957 660 1037 ejus
685 1001 702 1030 ‚
763 959 1140 1052 quaestione
1205 959 1283 1020 ab
1334 959 1705 1021 consulibus
1760 979 1839 1018 ex
1900 958 2445 1020 senatusconsulto

359 1037 600 1111 habita,
643 1037 846 1120 virgis
889 1040 1060 1100 caesi
1103 1059 1176 1100 ac
1218 1039 1433 1101 securi
1474 1038 1785 1120 percussi.
1830 1041 2095 1108 Tamen,
2140 1057 2227 1099 ue
2272 1058 2443 1120 pror-

361 1115 472 1178 siis
515 1117 817 1179 inbellem
859 1141 890 1180 a
941 1133 1126 1180 erent
1165 1141 1430 1194 annum,
1474 1139 1670 1200 parva
1710 1118 2039 1200 expeditio
2083 1117 2151 1176 in
2194 1117 2439 1178 Umbria

361 1197 530 1260 facta
573 1211 712 1274 θοις
755 1218 881 1279 quo
965 1198 1401 1272 nuntiabatur,
1448 1219 1527 1260 ex
1568 1200 1871 1280 spelunca
1914 1197 2186 1280 quadam
2230 1219 2437 1260 excur-

361 1278 580 1338 siones
622 1292 1003 1341 armatorum
1045 1279 1114 1339 in
1155 1299 1343 1362 agros
1386 1277 1551 1340 fieri.
1634 1281 1705 1340 In
1742 1299 1887 1342 eam
1924 1299 1955 1338 s
2006 1278 2301 1340 eluneam
2340 1297 2433 1358 pe-

359 1371 682 1418 netratum
737 1379 880 1420 cum
932 1359 1138 1442 signis
1182 1373 1315 1421 est:
1376 1373 1443 1420 et
1495 1379 1573 1420 ex
1615 1379 1695 1420 eo
1748 1359 1893 1420 loco
1936 1379 1975 1419 o
2022 1378 2217 1420 scuro
2261 1361 2434 1418 multa

337 1438 630 1499 'vulnera
670 1453 950 1520 accepta,
993 1439 1393 1520 maximeque
1434 1439 1715 1520 lapidum
1758 1438 1926 1514 ictu3
1972 1437 2204 1511 donec,
2252 1439 2433 1498 altero

359 1531 599 1598 ‘specus
660 1518 797 1596 ejus
854 1540 970 1579 ore
1031 1520 1205 1594 (nam
1246 1519 1508 1600 pervius
1562 1521 1722 1594 erat)
1780 1519 2078 1590 invento,
2139 1531 2431 1598 utraeque

361 1597 584 1660 fauces
639 1600 964 1682 congestis
1017 1599 1211 1680 lignis
1270 1619 1613 1660 accensae:
1674 1598 1760 1658 ita
1800 1597 1969 1658 intus
2009 1596 2189 1659 fumo
2230 1617 2305 1659 ac
2343 1619 2433 1656 va-

359 1695 526 1758 pore
568 1677 649 1739 ad
689 1677 814 1741 duo
856 1679 1054 1740 millia
1097 1692 1509 1752 armatorum,
1552 1676 1801 1739 ruentia
1842 1678 2194 1739 novissime
2242 1677 2309 1738 in
2350 1678 2432 1757 ip-

361 1777 465 1818 sas
519 1754 800 1819 flammas
821 1801 840 1832 ,
903 1757 1078 1818 dum·
1113 1758 1389 1822 evadere
1449 1758 1720 1820 tendunt
1740 1801 1757 1832 ‚
1828 1757 2129 1820 absumta.
2212 1757 2433 1818 Marcis

398 1851 469 1902 U.
505 1869 553 1908 c.
594 1851 712 1912 45¹.
862 1837 1054 1899 Livio
1094 1839 1343 1898 Dentre
1386 1851 1452 1900 et
1472 1839 1751 1900 Aemilio
1792 1833 2183 1909 consulibus,
2228 1835 2433 1897 redin-

395 1937 449 1975 ι.
489 1919 553 1975 C.
593 1921 716 1977 50¹.
861 1931 1184 1998 tegratum‘
1257 1918 1613 2000 Aequicum
1696 1917 1955 1980 bellum.
2088 1918 2430 1987 Coloniam,

359 1997 912 2078 aegre'patientes
936 1999 1114 2060 velut
1153 2019 1365 2060 arcem
1405 1998 1550 2080 suisa
1582 1995 1817 2058 finibus
1862 1998 2230 2078 inpositam,
2276 2017 2435 2059 sum-

357 2093 459 2134 ma
498 2075 566 2138 vi
607 2075 974 2159 expugnare
1015 2078 1246 2150 adorti,
1292 2078 1371 2138 ab
1413 2077 1574 2160 ipsis
1617 2078 1867 2140 colonis
1910 2078 2263 2158 pelluntur.
2322 2079 2431 2138 Ce·
2488 2153 2490 2160 Ι

357 2167 567 2216 terum
605 2170 844 2218 tantum
869 2161 1110 2220 Romae
1151 2173 1470 2219 terrorem
1510 2157 1751 2232 fecere,
1796 2157 1943 2240 quia
1978 2157 2089 2220 vix
2130 2157 2432 2218 credibile

365 2248 536 2308 erat,
582 2248 706 2308 tam
745 2237 1014 2300 adfectis
1057 2238 1250 2300 rebus
1294 2239 1491 2300 solos.
1506 2259 1625 2318 per
1667 2259 1739 2300 se
1784 2241 1879 2302 Ae
1928 2258 2045 2298 uos
2086 2237 2169 2298 ad
2207 2238 2432 2299 bellum

359 2329 642 2388 coortos,
686 2329 756 2378 ut
797 2317 1093 2380 tumultus
1138 2317 1275 2398 ejus
1318 2337 1535 2380 caussa
1566 2318 1839 2380 dictator
1874 2259 2201 2383 diceretur
2242 2321 2429 2380 C.Ju-

355 2394 502 2456 nius
527 2396 868 2459 Bubulcus.
912 2399 990 2474 is,
1037 2418 1179 2460 cum
1219 2403 1309 2458 M.
1344 2393 1589 2458 Titinio
1620 2399 1925 2480 magistro
1964 2399 2251 2481 equitum
2294 2419 2429 2478 pro-

355 2474 600 2550 fectus,
645 2477 854 2557 primo
895 2497 1016 2540 con
1069 2499 1252 2538 ressu
1294 2480 1551 2562 Aequos
1594 2479 1883 2561 subegit,
1928 2499 2021 2550 ac,
2068 2477 2177 2538 die
2221 2491 2427 2540 octavo

355 2555 754 2638 triumphans
821 2556 889 2617 in
943 2561 1032 2619 Ur
1080 2579 1182 2619 em
1240 2579 1431 2641 quum
1502 2555 1816 2631 redisset,
1896 2558 2119 2619 aedem
2184 2557 2427 2628 Salutis,

257 2627 280 2651 ’
355 2653 546 2715 quam
572 2638 792 2699 consul
815 2653 1102 2708 voverat,
1142 2657 1377 2700 censor
1414 2639 1752 2714 locaverat,
1798 2637 2067 2700 dictator
2102 2636 2425 2699 dedicavit.

516 2718 592 2778 II.
674 2716 924 2778 Eodem
965 2739 1131 2780 anno
1174 2718 1395 2780 classis
1428 2720 1847 2792 Graecorum,
1888 2719 2238 2796 Cleonymo
2282 2717 2423 2778 duce

355 2796 899 2871 Lacedaemonio,
965 2797 1042 2858 ad
1083 2799 1299 2860 Italiae
1338 2799 1528 2860 litora
1570 2799 1851 2879 adpulsa,
1898 2797 2174 2860 Thurias
2216 2797 2420 2859 urbem

355 2874 426 2934 in
469 2876 840 2938 Sallentinis
895 2879 1086 2960 cepit.
1167 2876 1494 2941 Adversus
1546 2877 1717 2940 hunc
1756 2879 2009 2942 hbstem
2050 2879 2275 2940 consul
2314 2881 2423 2940 Ae·

351 2955 568 3016 milius
621 2956 850 3018 missus
893 2959 1148 3039 proelio
1208 2981 1338 3020 uno
1393 2959 1673 3040 fugatum
1734 2959 2040 3040 conlpulit
2097 2957 2168 3017 in
2226 2979 2424 3024 naves.

355 3034 636 3098 Thuriae
677 3035 968 3098 redditae
1009 3039 1216 3100 veteri
1259 3040 1526 3100 cultoriz
1586 3039 2065 3121 Sallentinoque
2122 3059 2281 3120 agro
2318 3057 2425 3121 pax

353 3127 557 3196 parta.
639 3117 894 3177 Junium
918 3119 1271 3179 Bubulcum
1317 3117 1695 3182 dictatorem
1734 3119 1993 3180 missum
2035 3119 2101 3178 in
2144 3117 2424 3186 Sallenti·

351 3215 510 3268 nos,
575 3195 644 3255 in
705 3197 1082 3279 quibusdam
1151 3197 1485 3260 annalibus
1546 3199 1845 3260 invenio:
1911 3212 1976 3259 et
2028 3199 2423 3294 Cleonymum

283 3289 298 3300 ·
349 3276 574 3354 prins„
602 3297 788 3360 quam
828 3276 1305 3360 confligendum
1346 3291 1519 3340 esset
1556 3299 1699 3340 cum
1741 3279 2067 3352 Romanis,
2110 3281 2290 3341 Italia
2330 3301 2423 3341 ex-

351 3356 648 3418 cessisse.
695 3357 1156 3420 circumvectus
1185 3358 1337 3425 inde
1358 3357 1691 3420 Brundisii
1730 3361 2268 3440 promontorium,
2306 3380 2421 3420 me-

353 3431 592 3516 dioque
645 3436 791 3498 sinu
829 3437 1203 3500 Hadriatico
1257 3439 1469 3501 ventis
1512 3439 1707 3512 latus,
1770 3459 1961 3522 quum
2004 3440 2181 3503 laeva
2223 3440 2420 3521 inpor-

350 3524 539 3575 tuosa
591 3516 808 3583 Italiae
867 3519 1090 3592 litora,
1153 3517 1373 3580 dextra
1424 3519 1628 3599 Illyrii
1686 3519 2091 3615 Liburnique
2152 3534 2217 3582 et
2268 3521 2416 3590 latri,

353 3605 579 3672 gentes
635 3595 855 3670 ferae,
919 3612 986 3660 et
1035 3619 1258 3680 magna
1315 3618 1394 3660 ex
1436 3621 1515 3679 pa
1530 3611 1629 3660 rte
1688 3598 2041 3662 latrociniis
2106 3599 2417 3661 maritimis

349 3671 646 3759 infames,
689 3686 1030 3750 terrerent,
1075 3679 1330 3760 penitus
1362 3678 1441 3738 ad
1470 3679 1659 3741 litora
1682 3679 2081 3743 Venetorum
2122 3681 2417 3761 pervenit.

355 3747 452 3814 ibi
495 3751 807 3834 expositis
831 3757 1071 3836 paucis,
1117 3760 1226 3842 qui
1270 3761 1411 3822 loca
1438 3759 1869 3841 explorarent,
1916 3759 2417 3844 quum—audisset,

351 3845 552 3892 tenue
592 3846 992 3911 praetentum
1033 3838 1184 3899 litus
1213 3859 1396 3915 esse3
1441 3838 1615 3926 quod
1655 3842 2075 3924 transgressis
2118 3853 2217 3901 sta
2260 3861 2331 3902 na
2356 3839 2419 3898 ab

355 3923 544 3992 tei-go
585 3910 748 3986 sint,
807 3914 1057 3998 inrigua
1099 3919 1383 3982 aestibus
1424 3918 1796 3998 maritimis3
1852 3941 2040 4004 agros
2080 3919 2207 3982 hau
2290 3941 2417 4002 pro·
