2534 4309
337 199 1122 294 ,538,L1nna
1221 195 1367 266 vn.
1462 199 1719 264 cip.
1822 191 2103 288 27.2·8.

375 385 706 448 dedidere.
785 383 1112 467 Oppidum
1170 381 1448 444 dirutum
1498 393 1686 462 atque
1736 379 2097 440 incensum:
2170 377 2265 440 ab
2310 375 2455 436 aede

373 479 612 527 tantum
653 465 873 527 Matris
913 469 1188 525 Matutae
1227 461 1593 523 abstinuere
1636 461 1869 541 ignem.
1951 459 2207 520 Praeda
2254 459 2453 518 omnis

371 543 560 606 militi
613 545 775 605 data.
882 547 1074 604 Extra
1101 612 1110 630 ι
1137 539 1437 626 praedam
1506 553 1773 622 quatuor
1830 538 2023 600 millia
2080 537 2453 598 deditorum

367 623 598 686 hahita.
643 633 756 685 eos
795 623 1044 685 vinctos
1085 619 1307 682 consul
1346 633 1492 680 ante
1532 639 1787 680 currum
1827 616 2231 698 triumphans
2294 617 2451 698 egit:

368 701 644 768 venditis
688 701 920 763 deinde
973 719 1258 780 magnam
1310 699 1640 792 pecuniam
1697 698 1763 756 in
1806 696 2119 758 aerarium
2166 695 2449 776 redegit.

369 784 564 856 Sunt,
641 781 752 863 qui
801 781 962 842 hanc
1011 777 1479 840 multitudinem
1522 775 1829 858 captivam
1869 796 2209 838 servorum
2257 775 2449 836 fuisso

367 861 651 924 scribant
676 883 694 920 ε
737 859 931 942 idque
972 859 1170 942 magis
1209 856 1563 919 verisimile
1606 869 1725 930 est,
1770 875 1955 936 quam
1996 853 2267 937 deditos
2308 873 2444 916 ven-

367 942 546 1003 iisse.

383 1031 480 1090 υ,
517 1049 567 1089 c.
607 1041 724 1094 4¹0·
1029 1016 1316 1080 xxvm.
1398 1017 1537 1078 Hos
1578 1015 1873 1076 consules
1916 1012 2123 1074 secuti
2164 1026 2331 1074 sunt
2366 1015 2439 1074 Μ.

383 1111 462 1158 ἀ.
500 1097 564 1156 C.
603 1099 722 1160 542.
873 1093 1104 1158 Fabius
1153 1097 1399 1173 Dorso,
1470 1095 1613 1158 Ser.
1670 1091 1989 1176 Sulpicius
2044 1093 2441 1153 Camerinus.

369 1177 736 1239 Auruncum
791 1173 940 1236 inde
997 1173 1234 1236 bellum
1285 1173 1362 1236 ab
1415 1170 1757 1256 repentina
1798 1171 2219 1254 populatione
2264 1191 2441 1250 coep·

368 1270 523 1320 tum.
567 1267 885 1335 metuque,
928 1273 1010 1314 ne
1053 1251 1119 1314 id
1159 1255 1391 1316 factum
1432 1253 1653 1336 populi
1692 1252 1898 1326 unius,
1942 1250 2293 1313 consilium
2320 1269 2441 1312 om-

367 1333 470 1396 nis
511 1333 786 1398 nominis
827 1331 1038 1394 Latini
1079 1347 1281 1409 esset,
1340 1333 1610 1396 dictator
1672 1332 1847 1396 velut
1894 1329 2207 1392 adversus
2252 1351 2439 1390 arma-

371 1429 502 1475 tum
554 1412 678 1492 jam
729 1413 978 1474 Latium
1018 1414 1090 1472 L.
1133 1413 1366 1473 Furius
1419 1426 1664 1474 creatus
1687 1453 1704 1484 ,
1748 1410 2119 1492 magistrum
2162 1410 2437 1549 etgsitum

370 1495 483 1556 Cn.
538 1492 844 1555 Manlium
900 1491 1325 1572 Capitolinum
1383 1491 1557 1552 dixit.
1626 1505 1693 1550 et
1744 1509 1935 1572 quum
1954 1531 1973 1562 ,
2056 1485 2219 1570 (qno
2374 1505 2439 1548 er

369 1591 632 1656 magnos
673 1570 974 1631 tumultus
1017 1565 1160 1629 fieri
1201 1569 1457 1631 solitum
1500 1571 1659 1648 erat)
1701 1568 1944 1647 justitio
1986 1567 2268 1644 indicto,
2378 1587 2433 1626 e-

369 1652 572 1712 lc'ctus
613 1648 754 1709 sine
793 1645 1225 1710 vacationibus
1265 1648 1515 1710 habitus
1538 1662 1743 1726 esset3
1784 1649 2100 1732 legiones,
2147 1661 2433 1729 quantum

368 1726 668 1790 maturari
706 1727 936 1810 potuit,
979 1726 1048 1786 in
1087 1725 1422 1788 Auruncos
1468 1729 1712 1792 ductae.
1756 1727 1849 1788 ibi
1887 1728 2289 1822 praedonum
2318 1747 2433 1786 ma·

411 1807 499 1883 is,
567 1825 752 1889 quam
803 1805 1122 1880 hostium,
1193 1807 1386 1870 animi
1429 1807 1718 1881 juventi.
1796 1809 2009 1868 Pruna
2052 1808 2269 1888 itaque
2308 1805 2432 1867 acie

415 1886 754 1949 ebellatum
795 1899 894 1946 est
914 1885 1004 1965 ¹⁸⁹).
1085 1885 1378 1948 Dictator
1417 1899 1645 1960 tamen,
1702 1887 1846 1967 quia
1888 1900 1953 1946 et
1992 1888 2165 1948 ultro
2206 1885 2427 1947 bellum

367 1967 726 2038 intulerant,
772 1977 836 2026 et
875 1965 1014 2026 sine
1055 1965 1514 2028 detrectatione
1556 1987 1625 2028 sc
1667 1967 1994 2028 certamini
2036 1967 2161 2028 obs
2158 1965 2425 2035 erebant,

365 2043 652 2109 Deorum
692 2064 946 2128 quoque
989 2065 1144 2128 opes
1187 2045 1573 2108 adhibendas
1614 2059 1823 2119 ratae,
1886 2046 2055 2106 inter
2098 2048 2295 2128 ipsam
2336 2043 2425 2102 di-

365 2125 768 2188 micationem
809 2123 1033 2188 aedem
1075 2125 1310 2187 Junoni
1352 2131 1643 2188 Monetae
1694 2125 1896 2188 vovit:
1964 2123 2147 2202 cujus
2190 2125 2426 2185 damna-

364 2221 465 2266 tus
504 2205 639 2267 'voti
725 2226 873 2266 uum
911 2205 1119 2267 victor
1139 2209 1408 2267 Romam
1447 2205 1843 2278 revertisset,
1888 2203 2199 2266 dictatura
2234 2227 2305 2266 se
2330 2203 2423 2262 ab·

361 2283 616 2348 dicavit.
751 2297 969 2345 enatus
1014 2282 1380 2348 duumviros
1426 2284 1505 2344 ad
1544 2305 1683 2345 eam
1723 2283 1943 2345 aedem
2028 2305 2103 2344 ro
2150 2285 2423 2366 amplitu-

361 2362 513 2426 dine
553 2363 774 2446 populi
814 2363 1085 2426 Romani
1125 2363 1478 2426 faciendam
1520 2364 1723 2426 creari
1748 2363 1949 2444 jussit.
2018 2385 2173 2424 ocus
2204 2364 2269 2422 in
2294 2383 2423 2424 arce

362 2439 752 2517 destinatus,
823 2463 982 2524 quae
1035 2461 1180 2504 area
1234 2442 1481 2504 aedium
1522 2449 1610 2504 M.
1652 2443 1869 2504 Manlii
1913 2443 2255 2524 Capitolini
2298 2443 2423 2504 suc-

357 2536 475 2584 rat.
560 2523 906 2597 Consules,
983 2521 1311 2584 dictatoris
1369 2522 1653 2594 exercitu
1715 2521 1793 2583 ad
1850 2522 2087 2584 bellum
2130 2523 2419 2584 Volscum

358 2601 480 2677 usi,
525 2604 748 2665 Soram
791 2623 870 2662 ex
909 2601 1219 2676 hostibus,
1265 2601 1546 2663 incautos
1568 2601 1796 2674 adorti,
1840 2616 2163 2684 ceperunt.
2249 2603 2419 2666 Anno

356 2693 527 2764 post,
576 2699 762 2762 quam
801 2693 947 2744 vota
990 2696 1144 2756 erat,
1189 2680 1381 2742 aedes
1423 2685 1715 2745 Monetae
1760 2681 2105 2754 dedicatur,
2152 2684 2224 2744 C.
2266 2687 2419 2742 Mar-

395 2773 469 2834 U,
506 2793 556 2831 c.
596 2783 713 2837 4¹¹·
869 2760 971 2822 cio
1023 2759 1242 2823 Rutilo
1306 2761 1594 2834 tertium,
1676 2765 1756 2823 Τ.
1816 2761 2052 2822 Manlio
2108 2764 2414 2843 Torquato

397 2859 450 2901 ι.
485 2841 550 2899 C.
589 2843 706 2904 541.
873 2839 1217 2900 secundum
1243 2839 1631 2902 consulibus.
1710 2839 2081 2934 Prodigium
2110 2841 2415 2922 extemplo

355 2915 822 2982 dedicationem
868 2931 1174 2992 secutum,
1219 2918 1427 2980 simile
1467 2934 1716 2982 vetusto
1759 2933 1991 2982 montis
2020 2919 2251 2981 Albani
2278 2941 2413 3002 pro·

355 2997 552 3081 «ligio.
595 3017 867 3080 namque
909 3011 973 3058 et
1012 2997 1325 3079 lapidibus
1366 2998 1531 3079 pluit
1552 3043 1568 3074 ,
1648 3013 1713 3061 et
1770 3021 1897 3061 nox
1961 2999 2241 3061 interdiu
2294 3000 2413 3061 visa

355 3077 632 3138 intendi:
677 3077 990 3158 librisque
1036 3078 1376 3216 inspectis,
1446 3099 1635 3160 quum
1688 3081 1875 3161 plena
1917 3079 2233 3162 religione
2271 3079 2411 3140 civi-

353 3170 450 3218 tas
534 3169 727 3230 esset,
809 3157 1053 3218 senatui
1181 3157 1349 3218 acuit
1373 3201 1390 3230 ,
1475 3157 1849 3222 dictatorem
1910 3157 2216 3220 feriarum
2276 3179 2406 3220 cou-

311 3296 318 3307 ,
353 3233 810 3311 stituendarum
854 3255 1071 3298 caussa
1111 3177 1258 3297 dici.
1344 3237 1568 3299 Dictus
1626 3241 1701 3298 P.
1744 3239 2038 3302 Valerius
2080 3237 2401 3300 Publicola.

351 3312 654 3396 magister
695 3313 980 3398 equitum
1022 3315 1082 3377 ei
1127 3317 1210 3457 (ζ.
1239 3315 1474 3378 Fabius
1514 3316 1858 3380 Ambustus
1900 3317 2081 3380 datus
2125 3332 2243 3381 est.
2280 3321 2405 3380 Nou

349 3391 556 3454 tribus
595 3403 834 3454 tantum
875 3394 1158 3477 supplica
1187 3415 1295 3457 um
1336 3395 1435 3458 ire
1472 3396 1731 3478 placuit,
1774 3396 1899 3459 sed
1915 3395 2221 3460 finitimos
2240 3399 2405 3460 etiam

349 3469 659 3554 populos3
701 3471 992 3556 ordoque
1034 3472 1137 3550 iis,
1173 3473 1311 3557 'quo
1350 3475 1619 3570 quisque
1663 3476 1767 3539 die
1808 3478 2257 3560 supplicarent,
2295 3491 2403 3538 sta·

351 3563 542 3612 tutus.
651 3549 902 3613 Judicia
959 3572 1040 3616 eo
1099 3575 1263 3616 anno
1362 3556 1537 3637 opuh
1604 3555 1807 3618 tristia
1858 3556 1923 3618 in
1980 3559 2400 3620 foeneratores

349 3627 535 3702 facta,
579 3625 808 3712 quibus
850 3629 928 3691 ab
969 3633 1280 3696 aedilibus
1314 3575 1489 3696 'dicta
1532 3633 1673 3700 dies
1714 3650 1909 3712 esset,
1950 3635 2295 3700 traduntur.
2328 3639 2403 3698 Et

349 3725 480 3778 res,
523 3705 692 3769 haud
731 3708 854 3768 ulla
899 3709 1135 3792 insigni
1178 3709 1256 3773 ad
1298 3714 1665 3778 memoriam
1706 3735 1944 3788 caussa,
1986 3713 2063 3779 ad
2106 3715 2399 3796 interreg-

407 3871 463 3936 *)
498 3885 570 3930 cst
604 3871 708 3928 del.
737 3872 918 3932 ‘Grom
955 3873 1108 3932 (ἔην.
