2534 4309
507 176 567 249 L.
614 197 640 249 1
694 198 731 251 β
780 197 823 243 E
874 196 923 250 R
1022 163 1163 248 ΠΙ..ι
1246 178 1303 249 C
1353 200 1399 249 Α
1451 198 1506 251 1³.
1569 174 1678 251 ιδ,
1741 176 1850 283 πᾷ.
2079 173 2216 245 125

116 365 341 430 batur}
384 385 510 447 pro
562 364 792 450 iusque
836 362 1011 429 aliud
1051 386 1284 429 novum
1321 365 1576 444 malum,
1617 351 2005 455 necopinato
2027 384 2217 429 εισι-«ι
2261 346 2272 363 ’

114 460 273 507 tum.
356 448 535 508 Exsu
565 466 634 510 es
711 447 1050 530 servique,
1148 447 1227 508 ad
1289 462 1561 531 quatuor
1630 447 1830 513 millia
1889 447 2222 513 hominum

116 541 183 588 et
226 524 594 611 quingenti,
642 525 801 590 duce
844 528 967 607 Ap.
1012 527 1355 595 Herdonio
1399 526 1663 604 Sabino,
1724 542 1913 590 nocte
1957 531 2042 590 Ca
2092 528 2220 590 ito-

116 607 275 668 lium
320 620 512 691 atque
554 624 767 671 arcem
810 626 1235 685 occupavere.
1321 606 1679 672 Confestim
1737 608 1806 669 in
1856 629 2007 671 arce
2081 620 2224 669 acta

119 686 354 749 caedes
400 706 642 758 eorum,
691 686 802 770 qui
846 688 1185 767 conjurare
1250 700 1317 749 et
1379 689 1566 753 simul
1611 708 1846 769 capere
1888 708 2060 754 arma
2101 710 2223 749 no-

112 768 394 828 luerant.
437 766 548 833 alii
569 766 740 827 inter
756 768 1088 831 tumultum
1114 768 1508 849 praecipites
1524 788 1763 850 pavore
1784 768 1852 830 in
1873 768 2085 831 forum
2105 768 2221 829 de-

112 848 355 910 volant.
398 848 703 927 Alternae
722 866 938 921 voces,
977 848 1077 906 Ad
1090 868 1280 918 arma,
1302 860 1367 909 et
1378 850 1581 909 Hostes
1599 848 1662 907 ἰη
1679 850 1818 913 urbe
1831 859 1984 923 sunt,
2001 846 2224 910 audie..

110 928 375 989 bantur.
461 927 774 993 Consules
828 938 893 989 et
934 946 1181 989 armare
1221 928 1517 1013 plebem,
1592 940 1658 991 et
1709 928 2022 993 inermem
2079 928 2218 1009 pati

114 1006 451 1068 timebant.
534 1007 795 1080 Incerti,
879 1006 1053 1101 quod
1092 1006 1326 1069 malum
1366 1028 1441 1075 re
1492 1008 1802 1089 entinum,
1889 1023 2225 1072 externum

116 1110 193 1149 an
239 1085 645 1161 intestinum,
688 1087 768 1151 ab
811 1086 963 1148 odio
1004 1086 1241 1169 plebis,
1286 1108 1367 1151 an
1410 1110 1446 1149 a
1517 1088 1762 1156 servili
1803 1088 2052 1163 fraude,
2112 1109 2224 1149 ur-

116 1167 265 1229 bem
308 1166 689 1240 invasisset,
775 1165 1084 1234 sedabant
1140 1168 1483 1244 tumultus,
1570 1166 1855 1235 sedando
1897 1168 2226 1235 interdum

118 1246 485 1311 movebant.
528 1266 652 1309 nec
694 1246 869 1311 enim
908 1260 1166 1333 poterat
1205 1246 1434 1333 pavida
1474 1260 1540 1311 et
1600 1262 2006 1316 consternata
2057 1248 2224 1312 mul-

92 1325 331 1391 -titudo
373 1325 519 1409 regi
564 1325 861 1407 imperio.
944 1328 1118 1389 Dant
1156 1340 1369 1393 tamen
1408 1349 1604 1405 arma,
1648 1350 1780 1391 non
1799 1331 2034 1413 vulgo;
2079 1342 2223 1391 tan-

114 1422 247 1471 tum
290 1420 385 1482 ut,
430 1406 681 1470 incerto
722 1404 951 1481 hoste,
995 1407 1394 1489 praesidium
1436 1410 1593 1477 satis
1633 1406 1832 1477 fidum
1891 1408 1974 1473 ad
2010 1408 2226 1473 omnia

113 1500 313 1555 esset.
404 1485 685 1553 Solliciti
728 1486 1049 1571 reliquum
1095 1486 1307 1553 noctis
1332 1532 1351 1565 ,
1393 1488 1758 1574 incertique
1779 1534 1798 1565 ‚
1862 1490 1974 1575 qui
2012 1489 2240 1553 homi-·

113 1588 254 1641 nes,
302 1580 579 1650 quantus
620 1585 921 1628 numerus
962 1567 1242 1634 hostium
1284 1582 1493 1646 esset,
1552 1570 1621 1634 in
1661 1569 2048 1635 stationibus
2088 1569 2224 1632 dis..

158 1645 445 1710 onendis
505 1644 587 1724 ad
646 1667 685 1708 o
734 1660 1008 1729 pot-tuna
1064 1648 1272 1710 omnis
1331 1649 1513 1712 urbis
1553 1650 1736 1725 loca,
1783 1670 2001 1735 egere.
2083 1652 2226 1713 Lux

110 1670 353 1790 deinde
397 1726 656 1809 aperuit
688 1666 935 1791 bellum
978 1726 1332 1813 ducemque
1371 1730 1553 1796 belli.
1637 1732 1881 1795 Servos
1924 1729 2005 1792 ad
2022 1730 2225 1796 liber-

112 1822 311 1871 tatem
352 1810 481 1888 Ap.
525 1805 897 1871 Herdonius
939 1829 1019 1873 ex
1060 1810 1388 1890 Capitolio
1427 1808 1733 1884 vocabat,
1791 1810 1869 1871 Se
1907 1808 2228 1871 miserrimi

116 1893 389 1967 cujusque
424 1888 726 1967 suscepisse
762 1906 1021 1950 caussam
1034 1929 1056 1961 ,
1144 1899 1209 1947 ut
1247 1890 1464 1955 exsules
1501 1888 1720 1967 injuria
1757 1891 1948 1969 pulsos
1997 1888 2068 1949 'in
2105 1912 2223 1969 pa-

117 1971 298 2029 triam
339 1968 643 2033 reducere-t
655 2008 678 2039 ,
743 1978 799 2025 et
836 1968 1083 2033 servitiis
1126 1988 1313 2048 grave
1355 1973 1568 2049 iugum
1607 1970 1879 2030 demeret.
1944 1969 2012 2029 id
2053 1971 2226 2029 malls

112 2046 331 2131 populo
376 2046 647 2110 Romano
687 2058 925 2109 auctore
946 2048 1113 2121 fier-1⁹.
1194 2049 1271 2109 Si
1306 2050 1392 2109 ibi
1424 2068 1548 2128 spes
1587 2068 1708 2109 non
1755 2048 1830 2110 sit
1840 2092 1863 2122 ,
1938 2070 1998 2110 se
2054 2050 2112 2109 V
2105 2051 2230 2111 ols-

114 2148 210 2192 eos
223 2170 246 2201 ,
294 2200 309 2224 ,
328 2136 391 2191 et
430 2124 657 2205 Aequos
672 2167 696 2199 ‚
782 2138 839 2191 et
892 2128 1093 2189 omnia
1138 2140 1401 2195 extrema
1450 2138 1808 2197 tentaturum
1861 2140 1920 2193 et
1958 2130 2226 2191 eomita-

118 2220 341 2271 tue-um.
1981 2253 1983 2262 .

274 2288 451 2351 XVI.
533 2284 846 2352 Dilucere
888 2308 995 2354 res
1040 2286 1562 2371 magisPatribus
1606 2303 1799 2375 atque
1823 2287 2226 2352 consulibus.

110 2380 383 2451 praeter
424 2387 499 2427 ea
540 2374 787 2439 tamen,
860 2388 1022 2451 quae
1066 2367 1645 2444 denuntiabantur,
1700 2390 1786 2432 ne
1825 2366 2222 2447 Veientium,
2323 2432 2327 2437 ,

112 2470 243 2515 neu
286 2445 685 2512 Sabinorum
729 2446 795 2507 id
836 2448 1174 2511 consilium
1218 2462 1412 2523 esset,
1497 2450 1760 2513 timere:
1846 2462 1943 2523 et,
2029 2468 2225 2532 quum

116 2544 366 2591 tantum
409 2528 481 2591 in
522 2526 683 2589 urbe
724 2524 1009 2590 hostium
1049 2542 1243 2603 esset,
1286 2550 1436 2591 mox
1476 2530 1750 2593 Sabinae
1772 2532 2223 2611 Etruscaeque

113 2610 414 2695 legiones
476 2628 553 2667 ex
614 2608 969 2691 composito
1034 2608 1376 2688 adessent3
1457 2624 1592 2673 tum
1667 2610 1920 2673 aeterni
2000 2608 2226 2674 hostes

118 2690 343 2755 Volsci
390 2702 457 2751 et
499 2687 732 2771 Aequi,
777 2696 909 2750 nou
953 2686 1032 2752 ad
1073 2690 1502 2771 populandos,
1546 2704 1618 2756 ut
1655 2703 1826 2765 ante,
1870 2688 2058 2762 fines,
2101 2686 2223 2749 sed

118 2768 193 2834 ad
232 2769 491 2841 urbem,
534 2779 605 2828 ut
645 2788 723 2829 ex
766 2782 949 2851 parte
992 2783 1261 2862 captam,
1305 2772 1626 2833 venirent.
1706 2770 1897 2833 Multi
1939 2782 2006 2831 et
2056 2767 2223 2830 varii

118 2850 407 2915 timores.
458 2848 631 2911 inter
676 2861 930 2913 ceteros
975 2849 1300 2914 eminebat
1337 2864 1554 2914 terror
1595 2850 1890 2922 servilis,
1944 2868 2027 2909 ne
2071 2868 2223 2914 suus

119 2931 215 2991 cui
311 2951 351 2991 e
398 2926 573 2992 do'tni
614 2926 819 2990 hostis
860 2942 1049 2991 esset.
1094 2930 1201 2995 cui
1243 2950 1365 2992 nec
1407 2929 1696 3006 credere,
1739 2949 1884 3005 nec,
1926 2949 2057 2991 non
2079 2948 2224 2990 cre-

118 3009 241 3075 den
289 3032 353 3082 o,
400 3030 485 3070 ne
530 3008 833 3073 infestior
874 3006 1079 3082 fieret,
1120 3008 1316 3074 fidem
1357 3010 1691 3095 abrogare,
1737 3010 1892 3075 satis
1935 3020 2074 3070 erat
2111 3022 2212 3070 tu·-

116 3104 263 3153 tum.
303 3090 546 3173 vixque
567 3088 908 3151 concordia
928 3089 1075 3154 sisti
1101 3090 1436 3153 videbatur
1464 3112 1678 3173 posse.
1737 3096 2006 3152 Tantum
2032 3108 2227 3171 supe-

116 3170 410 3235 rantibus
430 3168 579 3235 aliis
600 3190 673 3231 ac
694 3169 1167 3253 emergentibus
1186 3170 1395 3247 malis,
1419 3192 1610 3233 nemo
1640 3170 1930 3233 tribunos
1953 3183 2057 3232 aut
2079 3172 2224 3251 ple-

116 3250 261 3317 bem
284 3249 579 3317 timebat.
616 3266 1019 3316 mansuetum
1050 3250 1117 3311 id
1140 3252 1392 3327 malum,
1426 3266 1490 3313 et
1507 3273 1631 3335 per
1649 3252 1916 3313 aliorum
1941 3250 2229 3334 quietem

114 3332 431 3397 malorum
469 3350 728 3411 semper
747 3331 1067 3405 exoriens,
1111 3346 1370 3415 tumque
1401 3353 1544 3394 esse
1576 3332 1928 3427 peregrino
1967 3345 2227 3395 terrore

116 3413 404 3494 sopitum
442 3409 801 3473 videbatur.
886 3410 987 3473 Ad
1028 3410 1096 3473 id
1136 3432 1345 3506 prope
1387 3435 1584 3477 unum
1623 3434 1891 3475 maxime
1951 3412 2225 3475 inclina-

114 3494 201 3554 tis
240 3492 444 3555 rebus
462 3490 771 3553 incubuit.
816 3504 1025 3557 tamus
1049 3514 1219 3554 emm
1240 3492 1533 3557 tribunos
1553 3492 1738 3557 furor
1757 3493 1989 3565 tenuit‚
2011 3508 2228 3555 utnon

116 3572 385 3647 bellum,
432 3570 549 3634 sed
590 3592 813 3634 vanam
854 3573 1192 3655 imaginem
1236 3572 1417 3648 belli,
1461 3574 1542 3637 ad
1583 3572 1965 3639 avertendos
2008 3572 2088 3633 ab
2122 3572 2223 3632 le-

122 3654 219 3736 gis
262 3676 419 3723 cura
461 3652 677 3734 plebis
719 3652 985 3727 animos,
1048 3654 1432 3735 Capitolium
1489 3654 1811 3720 insedisse
1873 3650 2223 3716 contende-

122 3748 302 3798 rent:
384 3732 809 3816 patriciorum
851 3732 1144 3815 hospites
1189 3735 1608 3819 clientesque,
1692 3735 1750 3796 si
1791 3734 2036 3815 perlata
2075 3732 2224 3813 lege

126 3813 359 3877 frustra
400 3815 811 3877 tumultuatos
855 3822 996 3875 esse
1039 3835 1109 3875 se
1151 3815 1448 3889 sentiant,
1490 3812 1988 3897 majore,‘'quam
2023 3830 2223 3875 vene-

108 3896 267 3971 rint,
312 3895 577 3959 silentio
622 3894 929 3956 abituros.
1016 3894 1372 3957 Concilium
1413 3894 1564 3957 inde
1604 3896 1735 3978 legi
1787 3890 2220 3973 perferendae

126 3973 384 4051 habere,
431 3986 694 4051 avocato
736 3976 979 4057 populo
1021 3976 1099 4037 ab
1142 3976 1354 4042 armis.
1418 3979 1718 4041 Senatum
1759 3968 2020 4035 interim
2061 3988 2215 4030 con-

1609 4242 1636 4249 ‹—
