2534 4309
347 179 484 261 274
597 220 614 244 ,
747 172 1158 240 Llsnn
1263 173 1372 239 vl.
1468 172 1732 257 cis,
1845 191 2025 240 με.

335 356 752 443 pontificibus
826 360 1142 436 maxime,
1198 372 1271 423 ut
1344 359 1681 444 religione
1722 354 2073 424 obstrictos
2126 363 2451 427 haherent

336 442 768 515 multitudinis
825 444 1113 513 animos,
1173 440 1541 523 subpressa.
1631 446 1793 501 'l'um
1855 441 1935 503 de
1990 442 2225 505 diebus
2288 448 2451 507 reti-

385 524 542 584 iosis
585 522 811 603 agitari
853 537 1174 604 coeptum,
1219 522 1525 605 diemque
1564 536 1711 583 ante
1758 522 1929 583 diem
1966 544 2071 584 xv.
2115 526 2447 589 Kalendas

339 544 641 677 gemines,
688 602 930 685 duplici
973 602 1157 665 clade
1200 601 1541 684 insignem,
1589 607 1747 687 (quo
1790 600 1897 664 die
1942 602 2035 664 ad'
2066 608 2451 669 Cremeram

339 683 528 744 Fabii
571 685 763 755 caesi,
811 706 937 767 quo
985 682 1222 744 deinde
1263 682 1345 743 ad
1370 684 1600 743 Alliam
1644 704 1791 745 cum
1830 684 2032 745 exitio
2076 685 2261 748 urbis
2306 688 2450 749 soe-

339 764 420 826 de
460 766 834 846 pugnatum)
895 786 928 823 a
969 764 1336 845 posteriore
1381 763 1563 827 clade
1604 765 1967 827 AlHensem
2004 764 2451 846 adpellarunt,

339 845 786 927 insignemque
829 845 928 905 rei
967 844 1129 905 nulli
1169 843 1430 927 publice
1462 844 1763 925 privatim
1858 864 1895 905 e
1939 844 2228 938 agendae·
2262 847 2449 911 fece·
2533 902 2534 925 2

227 972 240 981 .
337 938 508 987 runt.
592 924 896 1017 Quidam,
981 924 1150 1009 quod
1191 923 1513 1005 postridie
1566 924 1715 987 Idus
1820 924 2117 989 uin‘ctiles
2174 948 2311 997 non
2356 929 2446 989 Ji·
2533 928 2534 962 ἶ

339 1020 540 1067 tasset
579 1004 904 1084 Sulpicius
961 1005 1253 1066 tribunus
1308 1004 1615 1080 militum,
1682 1026 1895 1089 neque
1960 1006 2223 1069 inventa
2280 1030 2451 1088 paco
2532 1000 2534 1021 ¹

336 1086 565 1150 Deum.
589 1098 739 1167 post
778 1084 948 1145 diem
988 1086 1248 1147 tertium
1290 1084 1576 1163 objectus
1614 1084 1789 1148 hosti
1835 1086 2157 1147 exercitus
2198 1088 2447 1150 Roma-

337 1188 456 1229 nus
503 1180 695 1237 essct,
741 1164 930 1228 etiam
970 1164 1291 1247 postridie
1334 1164 1481 1227 Idus
1522 1164 1717 1227 rebus
1760 1164 1999 1227 divinis
2020 1168 2451 1249 supersederi

333 1246 606 1329 jussum:
663 1244 876 1319 inde,
953 1259 1023 1306 ut
1075 1244 1394 1329 postridie
1438 1245 1755 1309 Kalendas
1800 1266 2055 1329 quoque
2098 1268 2174 1309 ae
2214 1252 2449 1312 Nonas

336 1326 557 1393 eadem
604 1325 834 1408 religio
879 1326 1419 1400 essenti-aditum
1462 1339 1703 1407 putant.
2422 1326 2431 1335 “

499 1410 576 1468 ΙΙ.
661 1410 796 1467 Nee
838 1406 947 1467 diu
989 1404 1170 1469 licuit
1212 1404 1449 1487 quietis
1492 1406 1764 1469 consilia
1807 1405 2157 1489 erigendae
2203 1428 2285 1469 ex
2312 1422 2445 1471 tam

339 1486 518 1575 {gravi
561 1508 706 1549 casu
751 1486 1146 1569 reipublicae
1189 1506 1405 1548 seeum
1450 1486 1715 1569 agitare.
1796 1486 1969 1549 Hinc
2010 1487 2265 1563 Volsci,
2328 1511 2443 1552 ve-

333 1584 510 1631 teres
551 1566 803 1637 hostes,
881 1566 958 1627 ad
1021 1566 1551 1651 exstinguendum
1590 1588 1827 1629 nomen
1866 1568 2221 1629 Romanum
2264 1592 2441 1632 arma

334 1658 669 1731 ceperant,
731 1646 888 1709 hine
943 1648 1240 1709 Etruriae
1290 1648 1656 1731 principum
1700 1668 1781 1709 ex
1826 1643 2123 1711 omnibus
2222 1652 2441 1731 opulis

335 1726 844 1807 conjurationem
905 1728 984 1789 de
1037 1728 1244 1802 bello,
1330 1724 1411 1787 ad
1468 1724 1685 1789 sanum
1739 1728 2124 1790 Voltumnae
2207 1745 2441 1805 aetam,

331 1808 722 1870 mercatores
769 1806 1165 1869 adserebant.
1227 1828 1433 1869 novus
1478 1827 1734 1893 quoque
1795 1822 2013 1871 terror
2064 1826 2439 1874 accesserat

331 1886 702 1951 desectione
746 1888 1116 1949 Latinorum
1157 1887 1741 1973 Hernicorumque,
1786 1889 1921 1971 qui,
1962 1903 2115 1969 post
2152 1910 2441 1975 pugnam

313 1970 414 2051 ‘ad
465 1970 668 2031 lacum
741 1964 1064 2051 Regillum
1123 1969 1386 2041 saetam,
1470 1989 1593 2061 per
1646 1989 1845 2029 annos
1908 1990 2028 2051 pro
2080 1990 2117 2030 e
2168 1986 2441 2035 eentum

332 2071 670 2135 numquam
725 2048 1012 2131 ambigua
1071 2046 1197 2111 fide
1259 2051 1327 2109 in
1381 2048 1721 2109 amicitiam
1754 2048 1819 2125 ³¹³)
1874 2070 2051 2131 popu
2079 2049 2439 2113 i'Romani

327 2126 608 2192 fuerant.
695 2132 912 2213 Itaque
959 2150 1148 2213 quum
1186 2128 1347 2189 tanti
1386 2128 1667 2211 undique
1710 2144 1997 2192 terrores
2058 2129 2434 2195 circumsta-

327 2224 496 2283 rent,
545 2210 1008 2293 adarci-etque
1053 2210 1382 2283 omnibu8‚
1430 2231 1571 2271 non·
1604 2208 1756 2271 odio
1798 2210 2005 2271 solu‘m
2065 2210 2235 2291 apud
2276 2210 2431 2275 hos·

328 2305 458 2364 tes,
527 2311 597 2351 se
703 2304 1022 2351 contemtu
1079 2291 1270 2351 ctiam
1323 2290 1495 2350 inter
1540 2290 1753 2353 socios
1796 2310 2035 2355 nomen
2072 2292 2435 2355 Romanum

325 2370 654 2449 laborare3
701 2370 936 2449 placuit
981 2370 1224 2433 eisdem
1270 2370 1577 2451 auspiciis
1618 2370 1885 2431 defendi
1940 2370 2429 2451 rempublicam,

369 2453 558 2513 uilius
601 2464 980 2533 recuperata
1023 2448 1215 2524 esset,
1283 2450 1785 2535 dictatoremque
1842 2448 1972 2511 diei
2022 2456 2114 2512 M.
2160 2454 2431 2515 Furium

325 2472 678 2599 gammam
763 2535 822 2593 Is
887 2530 1163 2591 dictator
1222 2532 1297 2594 C.
1342 2530 1685 2593 Servilium
1730 2530 1997 2593 Ahalam
2052 2532 2431 2615 magistrum

325 2612 610 2697 equitum
667 2598 866 2673 dixit:
939 2609 1315 2696 justitioque
1379 2610 1645 2685 indicte,
1726 2610 2043 2674 delectum
2108 2611 2433 2675 ‘unici-um

324 2692 566 2766 habuit,
613 2691 698 2753 ita
741 2708 808 2753 ut
849 2692 1143 2754 seniores
1203 2711 1490 2773 quoque,
1573 2690 1801 2775 quibus
1868 2692 2065 2775 aliqui
2165 2692 2429 2757 roboris

321 2784 718 2856 superesset,
765 2772 830 2833 in
873 2764 1070 2833 verba
1113 2793 1224 2833 sua
1265 2770 1509 2852 juratos
1554 2772 1968 2834 centuriaret.
2048 2772 2431 2837 Exercitum

321 2852 760 2937 conscriptum
803 2858 1235 2935 armatumque
1278 2852 1593 2913 trifariam
1638 2850 1879 2915 divisit.
1946 2866 2195 2936 partem
2235 2874 2429 2915 unam

321 2938 389 2997 in
433 2956 588 3018 agro
635 2932 910 3012 Veiente
953 2932 1254 2995 Etruriae
1300 2930 1631 3015 obposuitt
1688 2933 1953 2995 alteram
1993 2946 2139 2995 ante
2182 2934 2427 2997 Urbem

320 3015 783 3079 castra-locare
825 3008 1033 3093 ju'ssit.
1077 3013 1375 3076 tribunus
1417 3010 1689 3074 militum
1728 3012 1832 3075 his
1875 3014 1954 3077 A.
1996 3014 2301 3089 Manlius,
2346 3015 2425 3075 il-

318 3096 425 3170 lis,
475 3094 588 3179 qui
629 3096 933 3156 adversus
955 3096 1266 3156 Etruscos
1308 3092 1743 3167 mittebantur,
1786 3094 2189 3156 L.Aemilius
2231 3116 2425 3177 prae·

315 3176 604 3259 positus:
651 3174 902 3236 tertiam
949 3186 1194 3257 partem
1240 3174 1384 3257 ipse
1428 3172 1509 3234 ad
1528 3172 1805 3236 Volscos
1850 3174 2051 3249 duxit,
2096 3195 2222 3239 nec
2262 3196 2421 3259 pro-

317 3258 416 3319 cul
441 3256 518 3316 ab
538 3254 826 3317 Lanuvio
871 3252 976 3331 (ad
1003 3254 1299 3313 Maec-ium
1318 3253 1422 3335 W)
1466 3253 1521 3315 is
1550 3255 1730 3316 locus
1751 3254 2015 3335 dicitur)
2046 3270 2257 3317 castra
2300 3254 2427 3317 oh·-

317 3340 606 3419 pugnare
652 3348 750 3395 est
794 3334 1074 3397 adortus.
1151 3334 1430 3429 Quibus,
1476 3332 1552 3395 ab
1596 3348 1919 3399 contemtu
1964 3335 2171 3417 (quod
2210 3356 2426 3419 prope

319 3438 569 3478 omnem
615 3414 889 3475 deletam
935 3437 968 3475 a
993 3414 1194 3475 Gallis
1223 3416 1572 3475 Romanam
1609 3412 1997 3479 ‘uventutem
2016 3416 2425 3490 crederenn)

318 3496 397 3557 ad
440 3496 674 3555 bellum
720 3492 1056 3574 profectis,
1103 3490 1347 3556 tantum
1389 3435 1693 3557 Caruilius
1756 3491 2006 3556 auditus
2064 3494 2425 3577 imperator

315 3576 590 3639 terroris
635 3574 960 3645 intulerat,
1005 3587 1073 3634 ut
1113 3576 1283 3637 vallo
1328 3595 1398 3637 se
1447 3574 1597 3656 ipsi,
1638 3576 1869 3642 vallum
1924 3579 2256 3658 congestis
2320 3600 2423 3639 ar-

313 3654 580 3717 boribus
625 3652 954 3735 sepirent,
1011 3674 1109 3723 ,ne
1167 3674 1289 3737 qua
1332 3657 1594 3717 ‘intrare
1656 3656 1738 3717 ad
1776 3656 2170 3717 munimenta
2212 3656 2423 3720 hostis

313 3746 561 3827 posset.
647 3730 840 3823 Quod
877 3733 986 3794 ubi
1031 3732 1483 3798 animadvertit
1526 3736 1864 3809 CamilluS,
1926 3735 2143 3817 iguem
2188 3736 2259 3797 iri
2304 3737 2423 3799 ob-

312 3828 542 3894 Jeetam
581 3833 806 3895 sepem
846 3812 1080 3893 conjici
1123 3813 1331 3893 jussit.
1378 3828 1443 3876 et
1484 3815 1654 3877 sorte
1697 3815 1955 3885 erat„vis
1990 3838 2220 3899 magna
2239 3819 2423 3881 venti

377 3982 438 4043 ⁴⁸)
471 3984 696 4032 αηείιίεἰα
732 3980 900 4035 Gron.
924 3982 1078 4040 CreV.
1147 3985 1230 4048 *ἢ
1263 3961 1527 4037 ,vim-bam
1562 3980 1705 4041 eaed.
