2534 4309
447 104 1817 237 L1nanlv0c41vss57.58.
2033 160 2171 231 ²¹9

113 326 510 405 disseruere3
551 341 684 391 nun
725 328 926 391 Abala
965 328 1281 393 Servilius
1338 330 1629 393 tribunum
1682 330 1989 404 militum,
2056 329 2177 389 Ta-

110 408 282 469 cuisse
315 430 376 469 se
414 410 672 484 tamdia,
758 408 846 469 ait
866 451 883 480 ‚
966 420 1083 470 non
1142 411 1281 489 quia
1319 411 1569 470 incertus
1604 413 1915 471 sententiae
1933 411 2133 488 fuerit
2146 430 2178 487 3

115 486 310 565 (quem
349 489 504 547 enim
545 488 761 552 bonam
799 490 985 549 civem
1021 508 1310 551 secernere
1347 510 1453 550 sua
1488 510 1539 549 ,a
1586 491 1830 571 publicis
1868 486 2173 569 consilia&

111 570 208 627 sed
243 568 380 647 quia
417 569 706 640 maluerit,
746 570 992 647 collegas
1029 590 1132 629 sua
1168 580 1369 649 sponte
1406 572 1609 631 cedere
1644 570 1987 631 auctoritati
2006 592 2177 631 sena-

113 657 214 719 tas,
255 668 430 723 quam
469 649 840 709 tribmziciam
877 658 1216 728 potestatem
1252 652 1525 710 adversus
1573 671 1631 711 se
1689 650 1977 729 inplorari
2008 660 2179 729 pate-

113 738 326 789 rentur.
454 728 603 786 Tum
641 750 858 807 qaoque
875 769 896 799 ‚
975 729 1031 787 si
1067 751 1154 789 res
1191 730 1401 789 sineret
1416 771 1437 801 ,
1525 730 1765 791 libenter
1800 751 1859 791 se
1898 731 2180 789 daturum

113 818 325 887 tempus
363 808 434 866 iis
452 808 640 883 fuisse
675 810 760 867 ad
797 818 1090 887 receptam
1128 808 1304 868 nimis
1340 808 1649 886 pertinacis·
1683 809 2010 871 sententiae.
2053 811 2177 881 sed,

111 907 282 965 qaum
319 888 473 947 belli·
489 885 838 949 necessitates
873 908 994 947 non
1031 898 1353 967 exspectent
1395 890 1649 948 hwnana
1680 889 1939 961 consilia,
1980 889 2179 967 potio-

115 987 230 1025 rem
263 967 377 1027 st'bt'
412 968 766 1043 collegarum
810 967 1012 1043 gratia
1066 967 1480 1047 rempublicam
1500 971 1645 1043 ¹fbre
1661 994 1677 1025 ε
1736 979 1810 1037 et,
1852 969 1906 1026 si
1942 978 2176 1030 maneat

115 1046 174 1105 in
205 1046 483 1107 sententia
519 1057 764 1117 senatus,
805 1046 1152 1105 dictatorem
1191 1057 1359 1115 nocte
1395 1047 1671 1125 proxima
1712 1047 2040 1105 ‹Helm-um:
2082 1068 2175 1118 ac,

111 1126 162 1185 si
194 1126 318 1203 quis
359 1125 678 1185 intercedat
713 1126 1216 1195 senatusconsulto,
1259 1126 1607 1189 auctoritate
1644 1147 1701 1199 ‚se
1738 1128 1883 1203 fore
1936 1136 2180 1185 conten-

113 1216 248 1265 tum.
331 1204 480 1297 Quo
521 1204 688 1267 sacto
731 1225 922 1287 quum
945 1202 1112 1265 baud
1141 1204 1501 1266 inmeritam
1521 1205 1769 1267 laudem
1791 1203 2179 1297 gratiamque

114 1306 144 1343 a
189 1282 272 1345 ud
312 1304 534 1347 omnes
575 1285 853 1358 tulisset,
939 1284 1247 1347 dictatore
1289 1287 1363 1346 P.
1410 1286 1715 1348 Cornelio
1760 1284 1967 1359 dicto,
2032 1284 2178 1364 ipse

113 1306 185 1425 ag
224 1367 326 1426 eo’
357 1365 665 1446 magister
718 1364 999 1445 equitum
1053 1378 1302 1425 creatus
1360 1366 1655 1447 exemplo
1717 1362 1841 1426 fuit
1894 1362 2175 1446 collegas

113 1442 836 1525 eumque-intuentibus,
882 1464 1064 1527 quam
1107 1444 1310 1525 gratia
1353 1457 1541 1529 atque
1598 1442 1804 1507 honos
1866 1457 2177 1525 opportu-

113 1524 286 1583 niora
342 1522 666 1595 interdum
714 1543 844 1584 non
896 1523 1302 1605 cupientibus
1330 1520 1595 1585 ‘essene
1706 1524 1957 1585 Bellum
2008 1522 2178 1585 haud

112 1602 522 1665 memorabile
562 1602 704 1664 fuit.
789 1624 916 1667 uno
973 1617 1162 1685 atque
1215 1624 1297 1665 eo
1355 1603 1533 1665 facili
1573 1604 1827 1685 proelio
1884 1602 2056 1663 caesi
2096 1602 2179 1663 ad

113 1682 364 1743 Antium
405 1680 653 1744 hostes.
732 1684 961 1748 Victor
1013 1682 1337 1745 exercitus
1399 1684 1818 1765 depopulatus
1871 1683 2181 1747 Volscum

115 1780 344 1843 agrum.
389 1762 722 1824 castellum
761 1761 841 1823 od
880 1762 1082 1823 lacum
1123 1764 1434 1825 Fucinum
1472 1764 1541 1826 vi
1584 1776 2039 1845 expugnatum:
2085 1774 2180 1822 at-

116 1863 228 1923 que
269 1841 338 1903 in
381 1862 462 1903 eo
499 1842 623 1903 tria
663 1842 863 1903 millia
903 1842 1230 1904 hominum
1269 1863 1337 1903 ca
1388 1856 1471 1917 ta,
1514 1842 1749 1903 ceteris
1780 1838 2037 1907 Volscis
2078 1842 2179 1901 in·
2246 1850 2277 1875 ··

119 1934 202 1981 tra
241 1920 494 1983 moenia
535 1923 907 2002 compulsis,
949 1942 1074 1983 nec
1115 1920 1309 1983 defen
1356 1921 1607 1984 entibus
1650 1942 1861 2004 agros.
1957 1917 2180 1983 Dicta·

117 2014 227 2074 tor,
267 2002 446 2062 bello
488 1999 574 2061 ita
616 2016 822 2083 gesto,
865 2014 936 2063 ut
974 2014 1210 2063 tantum
1248 2023 1380 2063 non
1424 2000 1709 2065 defuisse
1750 2000 2043 2062 fortunae
2078 1999 2179 2060 vi·-

120 2079 389 2155 deretur,
434 2081 764 2155 felicitate,
809 2103 995 2165 quam
1038 2080 1261 2165 gloria,
1306 2078 1513 2160 major
1552 2078 1619 2147 in
1661 2080 1899 2143 Urbem
1959 2078 2177 2154 rediit,

121 2181 206 2221 ma
253 2160 608 2242 istratuque
650 2182 722 2222 se
765 2161 1097 2229 abdicavit.
1181 2160 1457 2225 Tribuni
1486 2162 1796 2235 -militum,
1855 2158 2181 2223 mentione

117 2242 212 2299 mal
239 2262 271 2301 a
329 2242 742 2303 comitiorum
796 2240 1226 2303 consularium
1282 2240 1531 2315 habita,
1617 2239 1841 2317 (credo
1897 2238 1979 2301 ob
2021 2239 2183 2299 iram

119 2318 444 2383 dictatoris
486 2319 716 2391 creati)
757 2319 1156 2384 tribunorum
1197 2321 1469 2383 militum
1510 2320 1767 2383 comitia
1823 2318 2180 2381 edixerunt.

120 2403 275 2460 Tum
311 2422 476 2463 vero
518 2401 778 2483 gravior
816 2422 965 2463 cura
1000 2401 1305 2470 Patribus
1349 2400 1652 2477 incessit3
1708 2400 1951 2482 quippe
1992 2416 2185 2480 ‚quum

119 2479 298 2559 prodi
349 2500 640 2543 caussam
690 2480 767 2541 ab
825 2480 956 2543 suis
995 2496 1360 2544 cernerent.
1458 2484 1549 2541 lta
1598 2500 1675 2541 ue
1734 2478 1904 2540 sicut
1960 2478 2183 2560 priore

117 2580 270 2622 anno
309 2580 436 2644 per
475 2560 957 2643 indignissimos
1001 2582 1080 2623 ex
1121 2560 1397 2647 plebeiis
1449 2582 1565 2623 can
1612 2558 1815 2621 idatos
1878 2558 2178 2630 omnium,

121 2640 300 2701 etiam
343 2640 704 2722 dignorum,
747 2640 1025 2707 taedium
1063 2640 1390 2720 fecerant3
1435 2640 1531 2707 sic
1570 2655 1723 2713 tum,
1788 2637 2182 2721 primoribus
2256 2662 2259 2671 ·

121 2720 368 2783 Pan-um
427 2719 772 2802 splendore
838 2722 1166 2805 gratiaque
1222 2721 1303 2787 ad
1354 2718 1699 2803 petendum
1760 2717 2183 2801 praeparatis,

121 2802 322 2863 omnia
359 2802 502 2863 loca
544 2799 916 2879 obtinuere3
959 2822 1042 2864 ne
1085 2800 1188 2863 cui
1229 2800 1485 2883 plebeio
1506 2798 1709 2862 aditus
1732 2812 1923 2860 esset.
2008 2798 2179 2887 Qua-

121 2892 261 2941 tuor
299 2880 504 2943 creati
547 2895 712 2953 sunt,
758 2902 978 2943 omnes
1022 2880 1147 2961 jam
1187 2880 1391 2943 functi
1452 2902 1529 2943 eo
1584 2878 1873 2951 honore,
1937 2879 2015 2939 L.
2056 2880 2185 2938 Fu-

119 2959 246 3021 rius
289 2960 715 3035 Medullinus,
761 2961 851 3043 ⁸C.
895 2960 1192 3027 Valerius
1251 2960 1541 3035 Potitus,
1594 2964 1675 3022 N.
1800 2972 1870 3033 U,
1907 2990 1957 3030 ο.
1996 2972 2113 3033 348.

125 3040 348 3103 Fabius
393 3040 770 3115 Vibulanus,
815 3042 886 3102 C.
930 3040 1242 3105 Servilius
1295 3041 1513 3105 Ahala.
1574 3040 1682 3103 hic
1803 3057 1854 3099 a.
1892 3040 1958 3100 C.
1998 3048 2113 3103 4⁰4·

121 3120 392 3183 refectus
435 3120 802 3183 continuato
844 3122 1116 3195 honore,
1163 3144 1355 3205 quum
1396 3121 1477 3183 ob
1518 3121 1673 3182 alias
1712 3119 2007 3193 virtutes,
2051 3129 2186 3179 tum

125 3199 200 3259 ob
237 3214 565 3262 recentem
605 3200 894 3263 favorem
933 3201 1120 3263 unica
1159 3200 1603 3264 moderatione
1644 3200 1913 3283 partuni.

268 3282 495 3345 LVIII.
577 3284 676 3344 Eo
718 3304 902 3357 anno,
949 3282 1094 3365 quia
1135 3296 1385 3363 tempus
1429 3279 1823 3343 induciarum
1865 3300 2005 3341 cum
2044 3276 2181 3343 Ve-

126 3356 270 3435 ienti
310 3360 556 3443 populo
601 3361 862 3433 exierat,
904 3385 1025 3445 per
1065 3362 1313 3445 legatos
1356 3360 1737 3445 fetialesque
1804 3378 1910 3421 res
1971 3358 2187 3455 repeti

125 3452 400 3535 coeptae.
445 3441 675 3523 quibus
717 3441 1126 3505 venientibus
1169 3440 1250 3504 ad
1290 3440 1483 3503 finem
1540 3442 1776 3525 legatio
1818 3438 2189 3519 Veientium

127 3516 366 3581 obviam
408 3520 550 3582 suit.
633 3522 916 3593 Petiere..
959 3544 1046 3583 ne
1087 3522 1293 3603 prius,
1425 3544 1523 3583 am
1564 3521 1691 3603 ipsi
1734 3533 2021 3583 senatum
2052 3520 2187 3582 Ro-

126 3616 358 3661 manum
403 3602 723 3677 adissent,
787 3601 986 3682 Veios
1045 3601 1271 3664 iretur.
1339 3542 1453 3665 ffb
1513 3616 1736 3665 senatu
1778 3601 2182 3682 inpetratum,

127 3678 260 3770 quia
300 3679 622 3744 discordia
664 3680 965 3745 intestina
1003 3682 1375 3746 laborarent
1412 3680 1751 3763 Veientes,
1834 3700 1917 3740 ne
1956 3700 2063 3741 res
2106 3678 2185 3739 ab

127 3756 202 3818 iis
241 3776 712 3843 repeterentur.
755 3776 994 3825 tantum
1035 3756 1232 3838 afuit,
1298 3776 1370 3824 ut
1411 3783 1487 3823 ex
1530 3758 1931 3824 incommodo
1972 3758 2187 3819 alieno

127 3856 226 3899 oua
285 3842 542 3905 occasio
601 3856 950 3924 peteretur.
1061 3846 1146 3909 Et
1201 3846 1283 3904 in.
1316 3842 1569 3922 Volscis
1628 3854 1889 3923 accepta
1944 3837 2185 3911 clades
