2534 4309
340 169 482 248 430
657 121 1100 234 'Linea
1201 163 1332 232 IX.
1431 165 1692 236 Cir.
1780 129 2093 232 '55.56.

338 363 772 419 contra-nuno
811 349 974 426 tela,
1037 367 1210 420 nune
1249 367 1429 428 saxa,
1486 349 1721 439 quibus
1780 375 1895 416 eos
1956 348 2235 417 adfatim
2274 357 2401 418 loeus

267 452 271 456 ⁴
335 436 481 520 ipse
535 435 816 496 armabat
835 477 856 508 ‚
927 435 1251 532 ingerere.
1352 435 1553 518 Igitur
1616 449 1791 498 scuta
1852 438 2221 518 galeaeque
2292 439 2407 500 icta

338 537 532 599 quum
575 515 799 587 etiam,
845 537 1010 600 quos
1048 537 1182 578 non
1221 516 1756 588 vulneraverant,
1793 517 2165 592 turbarent,
2214 515 2415 612 (neqnt

333 597 560 660 subire
583 603 740 657 'erat
779 596 969 660 facile
1011 595 1093 656 ad
1132 597 1515 679 propiorem
1556 613 1855 680 pugnam,
1914 615 2137 682 neque
2184 600 2421 660 missilia

336 677 676 750 habebant,
723 677 952 760 quibus
997 676 1246 753 eminus
1288 693 1429 738 rem
1464 679 1799 759 gererent)
1854 689 2097 740 stantes
2142 691 2219 742 et
2262 700 2335 740 ex
2376 703 2425 741 o·

339 759 502 823 sitos
543 757 624 818 ad
663 759 826 820 ictus
882 778 1076 839 quum
1129 758 1254 835 jam
1313 758 1471 819 satis
1534 758 1699 820 nihil
1758 771 2051 841 tegeret,
2145 779 2317 844 quos

337 840 534 904 etiam
587 837 822 920 pedem
869 837 1272 912 referentes,
1346 836 1883 934 fluctuantemque
1948 853 2015 900 et
2070 835 2425 902 instabilem

336 921 574 993 aciem,
671 917 1114 1000 redintegrato
1195 921 1510 993 clamore,
1596 919 1837 983 strictis
1904 919 2145 1002 gladiis
2224 917 2427 983 hastati

335 1013 408 1064 et
487 999 820 1084 principes
907 998 1230 1062 invadunt.
1336 1018 1481 1062 eum
1558 993 1849 1083 inpetum
1936 1021 2069 1062 non
2160 1003 2429 1064 tulerunt

333 1080 632 1153 Etrusci,
703 1081 1063 1162 versisque
1097 1073 1335 1163 signis,
1400 1079 1579 1165 fuga·
1616 1079 1819 1144 effusa
1862 1095 2071 1144 castra
2108 1097 2423 1166 repetunt.
2454 1140 2462 1149 .

327 1161 475 1232 sed
519 1159 767 1242 equites
801 1159 1093 1232 Romani,
1138 1163 1467 1242 praevecti
1507 1179 1631 1243 per
1674 1159 1935 1246 obliqua
1974 1162 2224 1246 campi,

341 1265 413 1322 se
455 1239 850 1324 fugientibus
893 1240 1299 1314 obtulisse-nt,
1344 1243 1585 1306 omisso
1614 1241 1697 1304 ad
1726 1257 1931 1305 castra
1958 1241 2236 1320 itinere,
2280 1265 2430 1306 mon·

340 1337 442 1386 tes
486 1334 733 1404 petunt.
817 1321 973 1383 Inde
1017 1323 1252 1386 inermi
1292 1341 1462 1405 pene
1522 1323 1774 1406 agmine
1834 1343 1909 1384 ac
1950 1337 2191 1386 vexato
2238 1327 2427 1388 vulne·

338 1406 522 1470 ribus
564 1403 632 1462 in
674 1397 896 1464 silvam
939 1402 1277 1465 Ciminiam
1318 1411 1740 1486 penetratum.
1819 1405 2175 1479 Romanus,
2242 1407 2429 1467 multis

239 1513 252 1522 ·
341 1483 630 1547 millibus
671 1483 1088 1546 Etruscorum
1129 1485 1355 1556 caesis,
1401 1479 2031 1568 duodequadraginta
2076 1485 2299 1569 signis
2342 1485 2429 1548 mi·
2480 1474 2484 1558 1

340 1565 638 1631 li’taribus
683 1564 911 1646 captis,
959 1565 1182 1626 castris
1229 1566 1421 1626 etiam
1460 1565 1739 1628 hostium
1764 1581 1907 1626 cum
1926 1564 2169 1646 praeda
2206 1567 2433 1650 ingenti
2484 1568 2486 1622 1

342 1646 613 1730 potitur.
698 1649 868 1708 Tum
907 1645 989 1705 de
1029 1645 1485 1730 persequendo
1526 1645 1715 1708 hoste
1756 1641 1987 1729 agitari
2026 1659 2361 1740 coeptum.
2486 1662 2488 1704 ι

389 1752 394 1760 ·
503 1719 794 1791 xxxvl.
879 1725 1053 1788 Silva
1112 1736 1249 1786 erat
1291 1724 1561 1789 Ciminia
1612 1727 1813 1821 magis
1867 1739 2001 1786 tum
2043 1725 2225 1790 invia
2266 1743 2439 1813 atque
2488 1756 2490 1782 ι

341 1801 690 1880 horrenda,
735 1827 922 1890 quam
959 1824 1170 1887 nuper
1209 1806 1397 1868 fuere
1440 1806 1812 1869 Germanici
1853 1807 2087 1881 saltus,
2164 1809 2333 1869 nulli
2374 1808 2441 1868 ad
2491 1849 2492 1880 ¹

343 1909 484 1948 eam
523 1886 697 1948 diem
735 1905 820 1948 ne
861 1898 1284 1949 mercatorum
1326 1885 1591 1972 quidem
1618 1886 1807 1950 adita.
1852 1905 1989 1947 eam
2014 1887 2268 1949 intrare
2286 1887 2439 1948 baud

341 1969 486 2032 fere
531 1967 672 2056 quis
719 1987 880 2040 uam,
971 1977 1188 2029 raeter
1229 1967 1463 2030 ducem
1504 1968 1735 2049 ipsum,
1780 1965 2070 2030 audebat.
2118 1967 2273 2028 aliis
2312 1989 2437 2028 om-

341 2048 532 2116 nibus
575 2047 672 2108 cla
719 2049 774 2110 is
797 2049 926 2108 Cau
975 2047 1120 2110 inae
1158 2048 1447 2110 nondum
1487 2049 1795 2112 memoria
1820 2047 2234 2130 aboleverat.
2286 2052 2435 2108 Tum

343 2149 426 2191 ex
468 2129 572 2204 iis,
665 2129 729 2189 ui
771 2128 1054 2202 aderant,
1121 2125 1433 2204 (consulis
1476 2127 1745 2193 fratrem
1802 2133 1891 2189 M.
1933 2127 2243 2201 Fabium,
2286 2131 2433 2190 Rae-

343 2229 572 2272 sonem
610 2231 640 2270 a
673 2205 742 2282 ii,
787 2211 857 2272 C.
903 2207 1234 2274 Claudium
1279 2207 1536 2293 quidam
1576 2220 1778 2271 matre
1820 2210 2067 2286 eadem,
2130 2229 2257 2292 qua
2297 2229 2433 2270 con-

344 2292 570 2363 sulem,
615 2290 900 2372 genitum
941 2289 1223 2370 tradunt)
1267 2310 1298 2350 s
1350 2291 1663 2351 eculatum
1706 2311 1776 2352 se
1818 2290 2053 2350 iturum
2086 2291 2437 2370 professus,

344 2370 660 2454 brevique
707 2369 942 2456 omnia!
980 2384 1156 2435 certa
1217 2369 1293 2432 ad
1322 2384 1590 2433 atui-um.
1688 2373 1891 2432 Caere
1933 2368 2241 2431 educatus
2284 2369 2437 2451 apud

343 2451 661 2534 hospites,
705 2452 997 2515 Etruscis
1039 2450 1192 2516 inde
1231 2451 1444 2516 literis
1486 2447 1777 2514 eruditus
1822 2453 1985 2522 erat,
2034 2451 2129 2510 lin
2224 2471 2439 2532 amque

341 2536 682 2596 Etruscam
720 2532 926 2616 probe
969 2545 1258 2597 noverat.
1370 2529 1597 2593 Habeo
1650 2543 1981 2603 auctores,
2068 2551 2153 2590 vu
2180 2551 2267 2612 go
2320 2541 2439 2592 tum

259 2663 264 2668 .
343 2617 668 2676 Romanos
709 2631 970 2696 pueros,
1013 2612 1183 2678 sicut
1219 2629 1391 2674 nunc
1434 2609 1727 2687 Graecis,
1770 2611 1857 2672 ita
1900 2611 2197 2672 Etruscis
2242 2610 2437 2672 literis

347 2691 597 2756 erudiri
637 2695 890 2761 solitos.
977 2691 1111 2756 Sed
1148 2692 1422 2786 propius
1467 2705 1569 2754 est
1604 2712 1803 2767 vero,
1866 2691 2299 2773 praecipuum
2336 2691 2437 2750 ali·

347 2773 503 2858 quid
545 2774 747 2838 fuisse
789 2771 859 2834 in
901 2791 1015 2847 eo,
1081 2791 1191 2855 qua
1233 2793 1305 2835 se
1346 2785 1473 2834 tam
1513 2769 1733 2836 audac'i
1793 2770 2203 2834 simulatione
2246 2771 2437 2832 hosti·

272 2901 293 2914 ,
343 2855 466 2916 bus
525 2853 949 2930 immiscuerit.
1023 2871 1251 2916 servus
1310 2849 1373 2914 ei
1432 2851 1669 2914 dicitur
1721 2871 1935 2915 comes
1990 2852 2160 2915 ,unus
2220 2853 2437 2914 fuisse.

346 2933 626 2996 nutritus
667 2956 824 3004 una‚.
856 2953 1064 3018 eoque
1103 2931 1275 2994 haud
1314 2934 1571 3016 ignarus
1611 2933 1889 3016 linguae„
1927 2927 2255 3012 ejusdem:
2332 2949 2439 2990 nec

347 3015 694 3100 quidquam
737 3013 912 3077 aliud
953 3012 1465 3098 proficiscentes,
1512 3035 1696 3097 quam
1736 3012 2091 3075 summatim
2131 3011 2437 3108 regionis,

349 3117 514 3180 quae
556 3095 850 3158 intranda
897 3109 1053 3168 erat,
1095 3107 1381 3156 naturam
1423 3093 1795 3158 ae=nomina
1830 3092 2203 3188 principum
2228 3115 2297 3154 m
2330 3114 2437 3174 po·

347 3176 521 3259 pulis
564 3197 918 3257 accepere3
960 3199 1042 3238 ne
1087 3193 1208 3257 qua
1251 3173 1423 3238 inter
1462 3174 1783 3256 colloquia
1824 3173 2067 3256 insigni
2106 3187 2259 3236 nota
2300 3173 2441 3232 hae·

348 3256 619 3319 sitantes
695 3254 1096 3338 deprehendi
1185 3270 1476 3337 possent.
1598 3259 1742 3316 lere
1822 3254 2129 3336 pastorali
2206 3253 2441 3322 habitu,

355 3337 717 3419 agrestibus
761 3337 931 3410 telis,
977 3336 1248 3402 falcibus
1295 3322 1849 3418 gaesisquebinis
1870 3336 2113 3396 armati.
2186 3335 2317 3398 Sed
2336 3353 2441 3394 nc·

349 3437 478 3511 que
520 3419 970 3480 commercium
1011 3419 1287 3499 linguae,
1333 3437 1453 3477 nec
1492 3417 1694 3480 vestis
1737 3435 2139 3478 armorumve
2199 3415 2443 3476 habitus

349 3519 449 3562 sic
491 3517 606 3560 eos
649 3500 828 3572 texit,
875 3519 1060 3580 quam
1101 3497 1277 3582 quod
1316 3496 1705 3558 abhorrebat
1746 3495 1825 3558 ab
1868 3494 2029 3570 fide,
2063 3513 2443 3580 ‚quemquam

349 3591 683 3642 externum
724 3579 1273 3655 (liminio-suanus
1315 3579 1713 3639 intraturum.
1756 3579 1973 3660 Usque
2016 3575 2097 3638 ad
2126 3579 2445 3639 Camertes

350 3659 624 3720 Umbros
667 3673 1044 3738 penetrasse
1089 3657 1407 3719 dicuntur.
1494 3657 1611 3730 lbi,
1658 3658 1773 3738 qui
1816 3671 2053 3726 esseut,
2102 3657 2295 3718 fateri
2322 3659 2445 3716 lio-

348 3757 604 3798 manum
646 3758 898 3799 ausum:
945 3735 1503 3818 introductumque
1546 3740 1613 3798 in
1656 3753 1947 3798 senatum
1988 3739 2275 3798 consulis
2312 3757 2445 3798 ver-

350 3817 455 3878 bis
515 3815 730 3908 egisse
763 3819 871 3876 .de
927 3817 1236 3880 societate
1292 3819 1733 3900 amicitiaque:
1820 3831 2009 3898 atque
2069 3816 2227 3878 inde
2286 3814 2443 3880 comi

349 3895 638 3974 hospitio
681 3909 1064 3976 acceptum(
1106 3897 1399 3958 nuntiare
1444 3897 1752 3958 Romanis
1795 3895 2076 3974 jussum,
2132 3917 2441 3960 commea·

351 3987 487 4037 tum
528 3975 840 4038 exercitui
886 3975 1132 4042 dierum
1192 3978 1453 4060 triginta
1506 3991 1781 4067 praesto.
1811 3979 1987 4052 sore,
2068 3973 2125 4038 si
2184 3999 2257 4040 ca
2314 3980 2443 4038 lora
