2534 4309
447 179 1138 252 Lissn‘vlll.
1236 174 1495 252 Car.
1604 175 1892 271 ²9³59·
2038 177 2183 248 585

81 371 398 454 populos.
481 371 567 432 Et
606 377 746 432 erat
798 385 1001 453 genus
1043 385 1230 434 omne
1284 360 1537 434 abunde
1574 365 1751 436 bello
1792 367 2184 436 Samnitibus

78 473 238 536 par,
305 450 504 514 Marsi
547 449 934 534 Pelignique
976 458 1042 512 et
1080 449 1462 513 Murrus-init
1570 455 1715 524 u'os,
1779 453 1845 513 si»
1875 452 2187 517 Vestinus

77 532 555 618 adtingeretur,
599 551 820 593 omnes
861 526 1190 614 habendos
1233 531 1478 596 hostes.
1525 471 1712 598 t&icit
1751 541 1965 593 tamen
2006 549 2181 616 pars,

77 633 252 697 quae
316 613 387 675 in
437 611 807 694 praesentia
864 609 1076 674 videri
1125 614 1339 694 potuit
1392 607 1655 693 majoris
1699 609 1932 687 animi,
2084 623 2185 677 am

77 691 384 756 consilii:
430 691 548 754 sed
579 707 844 756 eventus
876 691 1112 765 docuit,
1157 693 1365 754 fortes
1397 692 1715 756 fortunam
1746 687 1988 772 juvare.
2090 693 2184 755 el-

77 773 220 836 lum
285 793 365 834 ex
420 773 795 836 auctoritate
849 773 1108 833 Patrum
1172 771 1452 856 populus
1513 773 1817 836 adversus
1873 771 2183 838 Vestinos

71 850 298 934 jussit.
365 852 709 915 Provincia
750 875 825 914 ea
865 855 1090 927 Bruto,
1135 851 1461 916 Samnium
1503 855 1770 916 Camillo
1812 863 1989 914 sorte
2032 871 2187 916 eve-

73 936 205 996 nit.
291 933 632 996 Exercitus
685 946 961 1016 utroque
1006 931 1178 996 ducti
1238 947 1305 996 et
1346 954 1496 997 cura
1538 932 1919 998 tuendorum
1960 931 2186 995 finium

69 1011 308 1078 hoste's
349 1009 668 1096 prohibiti
707 1013 1100 1096 conjungere
1141 1027 1333 1075 arma.
1379 1015 1675 1076 Ceterum
1720 1013 1987 1078 alterum
2030 1029 2185 1076 con-

83 1095 307 1157 sulem
343 1098 420 1156 L.
462 1093 764 1168 Furium,
811 1089 914 1156 cui
955 1093 1158 1174 major
1197 1096 1401 1156 moles
1447 1101 1663 1156 reruni
1702 1089 1981 1190 inposita
2026 1092 2184 1168 erat,
2216 1090 2229 1114 ⁸

67 1173 314 1238 morbo
359 1172 538 1257 gravi
581 1171 946 1256 inplicitum
987 1173 1242 1236 fortuna
1297 1175 1473 1240 bello
1525 1176 1875 1238 subtraxitt
1932 1173 2185 1261 jussus·-

67 1275 207 1350 que
253 1255 631 1317 dictatorem
667 1251 886 1316 (licere
926 1255 1027 1316 rei
1068 1255 1393 1339 gerendae
1435 1273 1673 1330 caussa,
1720 1253 1913 1338 longe
1958 1251 2185 1318 claris·-

65 1332 316 1398 suniim
357 1331 532 1396 bello
575 1355 665 1410 ca,
691 1348 1069 1417 tempestate
1115 1335 1276 1397 dixit
1317 1335 1394 1397 L.
1426 1335 1757 1418 Papirium
1800 1339 2181 1413 Cursor'em3

63 1439 101 1478 a
169 1435 308 1500 quo
352 1415 434 1512 Q.
477 1410 713 1477 Fabius
769 1413 1080 1477 Maximus
1134 1411 1467 1478 Rullianus
1528 1415 1837 1500 magister
1894 1416 2185 1500 ‘equitum

63 1509 184 1560 cst
229 1495 470 1558 dictust
514 1516 634 1578 par
661 1495 880 1560 nobile
923 1495 1114 1558 rebus
1148 1495 1218 1558 in
1259 1517 1339 1559 eo
1372 1493 1743 1580 magistratu
1777 1492 2001 1582 gestis,
2048 1491 2180 1556 dis-

65 1573 307 1641 cordia
349 1587 593 1650 tamen,
660 1594 781 1657 qua
869 1595 1028 1658 rope
1072 1573 1153 1638 ad
1206 1577 1497 1638 ultimum
1542 1575 1974 1640 dimicationis
2016 1593 2186 1638 ven·-

61 1669 213 1720 tum
257 1667 395 1730 est,
439 1653 739 1717 nobilius.
811 1597 912 1718 Kb
956 1655 1157 1720 altero
1201 1657 1467 1720 consule
1522 1653 1588 1718 in
1631 1655 1921 1721 Vestinis
1965 1653 2181 1718 multi-

61 1737 231 1822 plex
271 1735 530 1810 henum,
575 1755 699 1798 nec
739 1754 1006 1822 usquam
1045 1737 1224 1800 vario
1270 1749 1528 1810 eventu,
1575 1750 1824 1820 gestum
1873 1741 2183 1798 est.·na1h

65 1833 138 1882 ct
183 1817 580 1898 pervastavit
619 1835 840 1900 agros,
909 1829 990 1890 et,
1033 1815 1405 1901 populando
1462 1829 1653 1899 atque
1712 1816 1966 1880 urendo
2008 1830 2177 1878 tecta

59 1895 362 1962 hostium
402 1911 532 1958 sata
582 1917 692 1970 ue,
737 1895 805 1958 in
847 1897 1051 1961 aciem
1095 1897 1331 1961 invitos
1377 1899 1681 1976 extraxit:
1746 1911 1811 1962 et
1851 1896 1936 1959 ita
1980 1907 2177 1980 proe‘-

59 1977 162 2042 lio
207 1999 338 2040 uno
382 1977 524 2040 adei
573 1990 623 2039 it
661 1975 1078 2044 Vestinorum
1121 1994 1252 2051 res,
1296 1975 1781 2119 haudquaquam
1822 1977 2178 2040 tamen-in·
2246 2001 2254 2008 ·

65 2069 351 2123 cruento
407 2057 611 2120 milite
674 2077 824 2134 suu,
889 2063 974 2121 ut‘
1014 2075 1144 2120 non
1186 2060 1254 2118 in
1296 2072 1503 2121 castra
1549 2079 1625 2120 so
1651 2079 1757 2119 um
1797 2059 2179 2142 refugerent

59 2139 323 2213 hostes,
367 2135 500 2210 sed,
546 2133 670 2220 jam
711 2159 794 2200 ne
834 2138 1001 2202 ⁷§mallo
1047 2139 1307 2223 quidem
1351 2155 1424 2200 ac
1464 2136 1661 2203 fossis
1704 2138 1880 2212 freti,
1927 2138 2175 2202 dilabe-

59 2233 305 2284 rentur
340 2220 406 2280 in
447 2219 704 2302 oppida,
749 2217 874 2280 'situ
917 2217 1173 2282 urbium
1213 2217 1676 2302 moenibusque
1720 2240 1788 2281 se
1818 2215 2174 2286 defensuri.

57 2305 409 2364 Postremo
452 2299 689 2382 oppida
728 2319 982 2382 quoque
1022 2301 1088 2363 vi
1134 2307 1504 2383 expugnare
1522 2299 1589 2377 *)
1632 2297 1914 2374 adortus,
1956 2297 2171 2382 primo

57 2380 368 2444 Cutinam
408 2377 656 2463 ingenti
698 2380 930 2442 ardore
971 2378 1244 2442 militum
1290 2389 1396 2441 aut
1433 2375 1767 2443 vulnerum
1812 2377 1937 2456 ira,
2001 2376 2175 2462 quod

53 2457 242 2527 haud
295 2459 436 2522 fere
539 2461 828 2556 uisquam
888 2461 1145 2546 integer
1201 2460 1459 2544 proelio
1517 2474 1911 2530 excesserat,
1940 2525 1951 2545 ι
1980 2457 2169 2521 scalis

57 2541 290 2625 cepit=
337 2479 572 2604 deinile
615 2539 973 2624 Cingiliam.
1037 2535 1372 2625 utriusque
1432 2541 1612 2618 urbis
1653 2540 1959 2622 praedam
2000 2540 2169 2600 mili-

55 2623 280 2696 tibus,
343 2621 514 2704 quod
557 2641 668 2684 eos
709 2641 922 2705 neque
963 2635 1229 2704 portae,
1284 2641 1497 2708 neque
1539 2621 1706 2684 muri
1744 2615 2024 2713 hostium
2066 2643 2170 2682 ar-

53 2710 359 2776 cuerant,
407 2700 771 2764 concessit..
1636 2711 1639 2716 ·

149 2807 154 2810 ·
233 2781 432 2842 XXX.
515 2783 587 2844 In
629 2779 954 2844 Samnium
997 2777 1263 2848 incertis
1309 2779 1461 2846 itum
1507 2799 1619 2845 aus
1669 2775 1813 2846 iciis
1857 2791 1994 2848 ests
2058 2797 2167 2842 cu-

53 2865 171 2946 jus
215 2856 318 2924 rei
357 2857 583 2924 vitium
623 2882 754 2925 non
796 2863 862 2924 in
905 2864 1064 2926 belli
1106 2879 1423 2940 eventum,
1472 2806 1986 2949 qumiprospere
2018 2879 2166 2945 ges-

51 2961 200 3008 tum
247 2953 372 3013 est,
434 2943 550 3006 sed
613 2941 682 3004 in
721 2941 967 3006 rablem
1025 2953 1214 3032 atque
1260 2941 1389 3007 iras
1432 2945 1888 3028 imperatorum
1945 2943 2163 3005 vertit.

49 3039 344 3118 namque
386 3021 680 3106 Papirius
725 3021 1036 3102 dictator,
1101 3049 1135 3088 a
1176 3021 1450 3111 pullario
1494 3026 1806 3099 monitus,
1854 3043 2043 3107 quum
2086 3022 2169 3083 ad

49 3103 425 3198 auspicium
465 3099 888 3186 repetendum
927 3109 1194 3170 Romam
1235 3105 1799 3189 proficisceretur,
1853 3104 2164 3188 magistro

52 3197 359 3271 equitum
402 3179 827 3260 denuntiavit,
871 3195 954 3250 ut‘
981 3207 1126 3251 sese
1167 3183 1315 3250 loco
1359 3195 1648 3260 teneret,
1693 3205 1853 3256 neu,
1896 3185 2163 3247 absente

50 3287 174 3339 se,
245 3285 386 3326 cum
433 3261 624 3328 hos'te
681 3283 935 3328 manum
988 3275 1384 3332 consereret.
1469 3263 1705 3328 Fabius
1768 3271 1961 3349 quum
2016 3270 2165 3348 pos't

49 3342 540 3432 profectionem
608 3343 938 3412 dictatoris
1004 3367 1126 3430 per
1203 3349 1643 3430 exploratores
1713 3367 1853 3408 com
1905 3347 2161 3420 crisser,

51 3421 342 3522 perinde
383 3421 596 3487 omnia
639 3424 842 3489 soluta
885 3428 1056 3510 apud
1093 3423 1350 3503 hostes,
1398 3437 1469 3489 ac
1510 3426 1566 3487 si
1607 3433 1797 3488 nemo
1902 3425 2163 3488 omanus

48 3531 125 3570 in
174 3505 434 3594 Spmnio
479 3519 683 3584 esset;
725 3527 844 3569 seu
882 3507 1070 3572 ferox
1103 3505 1476 3571 adolescens
1517 3505 1895 3591 indignitati)
1937 3528 2165 3570 accen-

46 3609 212 3668 sus,
276 3581 448 3668 quod
491 3587 701 3648 omnia
748 3588 816 3649 in
873 3585 1184 3652 dictatore
1225 3590 1608 3654 viderentur
1656 3588 1939 3670 reposita
1986 3609 2161 3662 csse,

45 3689 177 3732 seu
221 3665 566 3729 occasione
607 3665 776 3730 hen'c
818 3665 1142 3750 gerendae
1199 3670 1299 3730 rei
1343 3669 1669 3741 ἱῐιᾶιιοῐιιε,
1732 3670 2019 3730 exercitu
2061 3669 2162 3727 in'-

45 3755 308 3810 structo
357 3759 714 3828 paratoque
773 3749 1106 3831 profectus
1166 3749 1244 3811 ad
1288 3749 1695 3821 Imbrinium,
1759 3747 1875 3824 (ila
1930 3758 2163 3810 vocant

45 3823 309 3905 locum)
346 3825 490 3888 acie
528 3849 672 3890 cum
701 3823 1093 3894 Samnitibus
1137 3827 1451 3894 conflixit.
1494 3849 1569 3890 ca
1605 3829 1867 3892 ‘foi-tuna
1906 3825 2160 3912 pugnae

115 3997 183 4069 θ)
217 4015 522 4070 oppugnare
555 3947 727 4052 eron.
