2534 4309
347 147 490 216 56ss
747 149 1158 218 Liar-n
1261 147 1445 218 vm.
1548 149 1809 219 Car.
1922 144 2027 214 15.

379 349 453 410 υ.
493 367 542 409 0.
582 357 700 420 ¹⁸¹7·
1011 333 1182 400 xm.
1263 335 1453 400 Anno
1496 333 1899 421 insequenti,
1964 337 2047 423 L.
2094 337 2319 405 Furio
2366 343 2463 402 ca-

382 439 435 478 a.
476 421 541 479 C.
580 421 699 477 335.
851 413 1072 492 millo,
1117 421 1190 482 C.
1232 420 1491 480 Maenio
1536 419 1942 500 consulibus,
2008 442 2145 502 quo
2198 422 2467 504 insigni·

343 500 472 562 tius
517 501 752 563 omissa
793 499 902 561 ‘res
945 499 1247 574 Aemilio,
1294 499 1657 582 superioris
1698 501 1845 562 anni
1888 502 2173 574 consuli,
2242 523 2463 583 expro-

344 579 668 654 braretur,
699 581 950 642 Pedum
983 580 1175 640 armis
1205 579 1493 662 virisque
1533 591 1599 640 ct
1638 581 1813 642 omni
1852 581 1917 642 vi
1962 585 2465 666 expugnandum

348 681 424 722 ac
444 661 784 727 delendum
805 675 1063 722 senatus
1085 660 1343 722 fremit:
1379 659 1714 744 coactique
1730 661 1884 722 novi
1904 663 2251 736 consules,
2266 664 2463 724 omni-

343 739 468 804 bus
493 761 795 802 eamrem
834 742 1186 824 praeverti,
1229 737 1750 824 proficiscuntur.
1795 744 1931 803 Jam
1946 743 2140 804 Latio
2164 743 2231 804 is
2278 759 2465 804 status

347 834 486 884 erat
527 843 776 897 rerum,
821 836 890 883 ut
931 840 1144 902 neque
1186 820 1430 882 bellum
1468 841 1679 904 neque
1720 842 1944 901 pacem
1986 825 2128 904 pati
2232 841 2457 885 essem.

343 901 424 964 ad
465 900 706 964 bellum
746 922 907 982 opes
951 901 1250 968 deerant:
1294 921 1517 982 pacem
1560 900 1644 962 ob
1688 902 1829 984 agri
1873 903 2114 964 ademti
2216 905 2459 966 olorem

345 981 934 1064 adspernabantur..
1003 981 1238 1043 Mediis
1293 981 1585 1044 consiliis
1629 981 1917 1043 standum
1970 981 2361 1056 videbatur,
2402 998 2498 1054 ιιιῚ

347 1062 611 1203 oppidis
669 1084 746 1127 se.
805 1075 1141 1136 tenerent3
1224 1081 1309 1122 ne
1374 1062 1708 1124 lacessitus
1746 1066 2097 1125 ‚Romanus
2178 1086 2461 1129 caussam

346 1142 431 1205 be
463 1144 510 1204 li
552 1143 822 1206 haberet
837 1163 856 1221 3
904 1157 993 1216 ct,
1037 1143 1096 1204 si
1139 1142 1320 1222 cujus
1364 1143 1591 1224 oppidi
1634 1142 1891 1204 obsidio
1930 1145 2231 1206 nuntiata
2278 1161 2461 1207 esset.

344 1221 633 1308 undique
678 1245 758 1286 ex
801 1224 1098 1286 omnibus
1141 1222 1403 1304 populis
1446 1223 1753 1284 auxilium
1794 1224 2081 1288 obsessis
2140 1225 2455 1288 ferretur.

341 1307 570 1388 Neque
611 1315 858 1379 tamen,
933 1306 1065 1368 nisi
1126 1303 1465 1365 admodum
1505 1325 1541 1366 a
1583 1303 1805 1385 paucis
1848 1304 2151 1386 populis,
2220 1309 2459 1368 Pedani

345 1383 549 1465 adjuti
591 1399 754 1446 sunt.
841 1386 1147 1448 Tiburtes
1187 1384 1749 1470 Praenestinique,
1794 1405 2065 1469 quorum
2106 1405 2281 1469 ager
2318 1410 2459 1471 pm·

342 1463 496 1548 pior
537 1480 710 1540 erat,
758 1466 1004 1528 Pedum
1049 1473 1434 1548 pervenere.
1514 1466 1851 1528 -Aricinos
1908 1467 2385 1553 Lanuviosque
2404 1471 2455 1534 *l

346 1559 414 1608 et
455 1545 871 1620 Veliternos,
942 1546 1309 1607 Antiatibus
1362 1545 1621 1610 Volscis
1677 1566 1751 1607 se
1810 1546 2329 1630 conjungentes,
2392 1547 2459 1608 ad

345 1627 624 1688 Asturae
667 1623 904 1687 ssumcn
949 1627 1263 1700 Maenius,
1310 1626 1647 1706 inproviso
1700 1623 1960 1690 adortus
1982 1667 2001 1702 ‚
2060 1627 2265 1692 fudit.
2350 1632 2457 1692 Ca-

342 1706 564 1768 millus
605 1704 686 1766 ad
728 1705 974 1768 Pedum
1017 1723 1159 1766 cum
1201 1703 1579 1768 Tiburtibus
1618 1707 1889 1768 maxime
1944 1707 2161 1771 valido
2208 1711 2459 1773 exerei-

227 1843 246 1856 ,
340 1798 448 1856 tu,
533 1783 778 1867 majore
819 1787 1032 1860 mole,
1113 1805 1492 1881 quamquam
1554 1807 1757 1882 aeque
1809 1807 2137 1870 prospero
2199 1805 2453 1862 eventu,

343 1880 614 1950 pugnat.
701 1868 1069 1930 Tumultum
1137 1887 1413 1928 maxime
1488 1882 1829 1950 repentina
1895 1869 2068 1930 inter
2128 1872 2457 1965 proelium

349 1948 608 2027 eruptio
651 1947 1126 2031 oppidanorum
1167 1947 1363 2010 fecitx
1406 1947 1477 2008 in
1518 1967 1683 2031 quos
1721 1961 1905 2030 parte
1946 1964 2273 2014 exercitus
2298 1971 2459 2012 con-

343 2038 553 2100 versa,
621 2029 922 2092 Camillus
981 2050 1112 2090 non
1173 2027 1488 2109 compulit
1525 2028 1729 2090 solum
1772 2047 1885 2090 eos
1940 2030 2112 2092 intra
2172 2031 2453 2104 moenia,

343 2106 465 2174 ced
511 2109 737 2171 codem
780 2109 972 2172 etiam
1015 2109 1142 2182 die,
1191 2129 1385 2194 quum
1426 2107 1608 2192 ipsos
1650 2109 2011 2192 auxiliaque
2055 2131 2284 2174 eorum
2302 2132 2453 2206 per·

343 2185 638 2266 culisset,
685 2190 995 2272 oppidum
1037 2189 1227 2252 scalis
1270 2189 1467 2272 cepit.
1546 2187 1799 2256 Placuit
1840 2191 2014 2265 inde,
2056 2190 2181 2271 jam
2206 2213 2453 2272 majore

343 2283 576 2331 conatu
618 2269 958 2354 animoque
999 2269 1077 2333 ab
1119 2271 1310 2332 unius
1352 2271 1831 2352 expugnatione
1870 2271 2179 2333 urbis.ad
2210 2271 2449 2356 perdo·

341 2349 638 2412 mendum
679 2352 932 2413 Latium
968 2351 1283 2414 victorem
1334 2350 1819 2414 circumducere
1876 2351 2265 2418 exercitum.
2332 2373 2455 2418 nec

343 2430 656 2514 quievere
699 2445 871 2506 ante,
913 2453 1122 2515 quam,
1168 2429 1594 2514 expugnando
1636 2445 1741 2492 aut
1783 2433 1863 2494 in
1902 2429 2309 2498 deditionem
2348 2455 2453 2496 ac·

343 2513 404 2572 ci
457 2511 654 2574 iendo
691 2513 976 2607 singulas
1022 2511 1240 2584 urbes,
1286 2512 1541 2573 Latium
1581 2533 1770 2575 omne
1821 2513 2168 2596 subegere.
2252 2519 2455 2577 Prae·

339 2533 527 2654 sid'iis
571 2592 722 2654 inde
766 2591 1101 2687 dispositis
1143 2613 1264 2673 per
1306 2606 1569 2688 recepta
1596 2593 1857 2675 oppida,
1899 2595 2171 2656 Romam
2220 2596 2303 2657 ad
2340 2597 2451 2656 de·

264 2736 272 2746 ,
337 2671 640 2734 stinatum
672 2694 955 2734 omnium
990 2693 1315 2736 consensu
1355 2673 1747 2756 triumphum
1788 2673 2157 2738 decessere.
2196 2675 2451 2738 additus

333 2751 666 2834 triumpho
710 2753 943 2827 honos,
988 2767 1058 2815 ut
1097 2758 1340 2816 statuae
1384 2768 1721 2838 equestres
1759 2755 1878 2830 eis,
1924 2775 2067 2816 rara
2100 2757 2211 2820 illa
2242 2771 2449 2818 aetate

330 2853 464 2908 res,
509 2835 577 2894 in
623 2835 767 2896 foro
810 2846 1233 2915 ponerentur.
1316 2833 1543 2908 Prius,
1606 2853 1793 2921 quam
1834 2833 2117 2898 comitiis
2160 2837 2233 2898 in
2276 2838 2449 2899 inse·

333 2929 637 2998 quentem
680 2936 913 2976 annum
953 2914 1254 2976 consules
1296 2929 1636 2999 rogarent,
1700 2915 2003 2978 Camillus
2064 2915 2153 2980 de
2192 2919 2447 2980 Latinis

329 2997 590 3076 populis
635 2996 716 3060 ad
755 3009 1047 3056 senatum
1087 2995 1345 3072 retulit,
1431 3011 1622 3094 atque
1665 2996 1750 3057 ita
1811 2996 2164 3060 disseruitt
2246 2999 2449 3058 Patres

329 3075 679 3156 conscripti,
749 3079 912 3155 quod·
969 3077 1111 3136 bello
1165 3075 1463 3154 armisque
1502 3099 1565 3138 m
1602 3072 1777 3136 Latio
1816 3079 2115 3158 agendum
2137 3077 2308 3156 fuit,
2380 3077 2449 3135 id

317 3157 448 3229 jam
497 3155 688 3216 Deam
755 3157 1110 3234 benignitate
1161 3177 1232 3216 ac
1300 3156 1514 3218 virtute
1570 3152 1825 3216 militum
1884 3159 1968 3216 ad
2006 3158 2211 3229 smem
2268 3157 2439 3220 uenit.

253 3275 260 3283 -
322 3235 476 3296 eaesi
513 3238 598 3296 ad
637 3239 864 3296 Pedum
907 3235 1294 3315 Asturamque
1341 3247 1477 3301 sunt
1532 3235 1817 3299 eret-citus
1856 3237 2145 3298 hostium.-
2222 3239 2441 3320 oppida

231 3985 264 4029 'x

321 3313 542 3374 Latina
582 3317 804 3389 omnia,
845 3325 901 3378 et
957 3315 1208 3380 Antium
1261 3337 1336 3378 ex
1394 3319 1455 3378 V
1447 3319 1612 3381 olscise
1622 3359 1643 3390 ‚
1698 3328 1803 3378 aut
1859 3317 1922 3379 οἱ
1956 3331 2155 3412 capta,
2196 3331 2303 3380 aut
2340 3340 2435 3378 re-

323 3405 491 3473 cepta
553 3397 622 3456 in
675 3398 1072 3470 deditionem,
1149 3395 1455 3476 praesidiis
1523 3409 1791 3459 tenentur
1858 3410 2071 3460 vestris.
2188 3401 2433 3476 Reliqua

318 3475 673 3538 consultatio
727 3489 808 3538 est
829 3521 850 3552 ,
929 3477 1212 3558 quoniam
1261 3481 1591 3540 rebellando
1657 3476 1881 3558 saepius
1937 3500 2042 3540 nos
2097 3477 2431 3548 sollicitant,

318 3573 574 3632 quonam
615 3559 793 3616 modo
831 3571 1112 3638 per-petua
1147 3577 1291 3636 pace
1328 3560 1549 3637 quietos
1586 3557 1964 3620 obtineamus.
2050 3559 2167 3620 Dii
2208 3559 2431 3621 inmor-

277 3639 284 3652 “
317 3636 462 3696 tales
505 3637 588 3694 ἰω
628 3657 723 3698 vos
761 3649 1022 3714 potentes
1060 3641 1231 3716 hujus
1272 3639 1839 3717 commissarum,
1924 3649 2016 3710 ut,
2076 3639 2157 3702 εἰε
2194 3641 2431 3702 Latium

315 3713 548 3783 deinde,
587 3735 666 3774 an
707 3737 826 3774 non
863 3718 957 3786 sit,
998 3719 1062 3777 in
1103 3730 1287 3780 veser-a
1328 3740 1507 3779 manu
1544 3720 1860 3798 posuerint.
1958 3721 2173 3800 Itaque
2226 3743 2425 3801 pacem

314 3794 492 3864 uobis,
535 3797 695 3872 quod
733 3799 815 3855 ad
853 3797 1096 3860 Latinos
1135 3799 1382 3873 adtinet,
1422 3819 1637 3880 parare
1676 3799 1745 3861 ἱη
1774 3810 2145 3880 perpetuum,
2188 3803 2281 3866 vol
2292 3821 2427 3864 sao·-

293 3952 298 3956 ’
377 3959 436 4028 ⁴¹)
472 3961 838 4034 Laviniosqtoe.
