2534 4309
354 163 487 229 ωδ
664 165 721 231 1,
772 184 793 229 ι
846 140 977 271 aa}
1024 180 1076 227 a
1147 162 1237 227 11.
1339 162 1395 228 c
1447 184 1487 227 A
1540 154 1800 230 ψεῖ».
1845 160 1944 239 64
2001 158 2139 233 65.-

974 274 1001 313 N

346 352 475 435 ipsi
525 352 749 434 paneis
800 344 950 431 post
988 324 1355 731 ‹7¹th
1397 347 1642 415 duobus
1687 330 2107 426 exercitibus,
2155 350 2448 436 unoque

342 454 467 528 per
504 432 663 492 iram
703 430 967 494 consule
1006 428 1074 504 in
1141 450 1304 505 esso
1345 431 1415 491 in
1453 428 1649 505 fines,
1707 433 1854 514 plus
1895 432 2197 507 cladium,
2243 454 2450 518 quam

344 513 714 585 intulerant,
756 530 1073 591 acceperu

500 595 743 657 Lxlv:
808 594 1143 673 Extremo·
1305 612 1343 653 o
1397 591 1574 671 pacis
1627 588 1871 673 aliquid
1923 588 2087 670 suit3
2151 590 2305 663 sed,
2369 608 2454 655 ut

343 694 605 755 ‚semper
630 672 806 744 alias,
852 670 1167 732 sollicitae
1197 691 1271 731 ce
1335 670 1543 731 amine
1585 672 1849 732 Patrmn
1887 686 1956 733 et
1992 672 2228 757 plebis.
2268 676 2452 734 Irata

342 754 532 837 plebs
574 752 889 815 interesse
930 736 1688 812 consultu-immistis
1731 750 1968 812 noluit..
2035 756 2166 815 Per
2205 754 2452 815 Patres

384 848 456 904 U,
494 866 553 906 c&
582 849 699 905 286,
854 832 1253 912 clientesque
1271 834 1532 891 Patrum
1556 832 1852 893 consules
1882 832 2452 927 creati'I'.Quinc-

388 936 441 975 a.
478 915 541 973 C.
582 916 699 979 466.
827 912 1009 995 ptius,
1070 910 1150 999 Q.
1218 910 1554 973 Servilius.
1619 911 1917 985 ,Similem
1955 934 2186 973 annum
2224 914 2450 993 priori

347 992 651 1053 consules
702 990 975 1063 habent,
1036 990 1346 1073 seditiosa
1387 990 1600 1061 initia,
1667 992 1845 1053 bello
1891 990 2123 1053 deinde
2165 1006 2454 1055 externo

347 1072 712 1155 tranquilla.
794 1071 1049 1143 Sabini,
1126 1071 1572 1133 Crustuminos
1625 1092 1880 1152 campos
1937 1072 2130 1136 citato
2183 1073 2454 1154 agmine

346 1152 771 1235 transgressi,
832 1172 1023 1234 quum
1072 1150 1304 1213 caedes
1361 1164 1426 1213 et
1475 1150 1771 1233 incendia
1829 1152 2070 1215 circum
2119 1156 2455 1217 Anienem

350 1230 587 1295 fiumen
638 1232 980 1304 fecissent,
1064 1253 1098 1291 a
1150 1244 1338 1313 porta
1410 1250 1617 1313 prope
1671 1230 1922 1293 Collina
1975 1234 2454 1318 moenibusque

350 1312 555 1393 pulsi,
632 1312 928 1395 ingentes
988 1326 1195 1373 tamen
1269 1310 1538 1393 praedas
1607 1310 1932 1373 hominum
2003 1312 2456 1398 pecorumque

351 1414 568 1474 egere.
635 1392 815 1485 Quos
858 1392 1169 1457 Servilius
1210 1393 1439 1465 consul
1481 1390 1720 1457 infesto
1763 1393 2044 1456 exercitu
2087 1395 2452 1467 insecutus»,

354 1474 563 1554 ipsum
621 1470 879 1555 quidem
918 1492 1143 1555 agmen
1203 1471 1476 1555 adipisci
1528 1472 1749 1555 aequis
1792 1473 1954 1537 locis
2008 1476 2139 1535 non
2183 1476 2456 1565 potuit3

352 1553 831 1646 populationem
884 1550 1044 1616 adeo
1087 1550 1294 1615 effuse
1338 1552 1529 1625 fecit,
1595 1566 1666 1613 ut
1705 1552 1868 1614 nihil
1917 1552 2458 1617 bello.intactum

347 1634 787 1729 relinqueret,
848 1632 1322 1717 multiplicique
1373 1646 1556 1714 capta
1612 1630 1850 1715 praeda
1891 1632 2164 1700 rediret.
2188 1640 2336 1699 uEt
2379 1637 2456 1698 in

352 1714 612 1776 Volscis
652 1732 759 1773 res
801 1712 1058 1795 publica
1102 1712 1367 1795 egregie
1409 1725 1624 1795 gesta,
1671 1724 1862 1797 qu‘um
1903 1714 2106 1787 ducis,
2149 1729 2284 1778 tum
2323 1718 2454 1777 mi-

352 1794 541 1855 litum
583 1813 802 1873 opera.
882 1792 1173 1855 Primum
1212 1812 1418 1886 aequo
1460 1813 1682 1874 campo
1723 1790 1926 1873 signis
1967 1796 2240 1859 conlatis
2275 1817 2458 1881 pug-

356 1886 611 1947 natum,
672 1871 925 1955 ingenti
964 1872 1159 1935 caede
1200 1886 1524 1956 utumque
1548 1917 1566 1947 ,
1628 1871 1905 1954 plurimo
1947 1877 2278 1957 sang-uine.
2362 1880 2464 1939 Etr

354 1953 668 2026 Romani,
747 1952 895 2036 quia
952 1953 1237 2033 paucitas
1297 1948 1528 2014 Hamno
1586 1952 1928 2016 sentiendo
1970 1974 2054 2036 pr
2144 1956 2249 2017 ior
2288 1972 2454 2028 erat,

402 2026 625 2095 radam
662 2032 1075 2096 retulissent:
1134 2032 1204 2093 ni
1246 2031 1492 2095 salubri
1545 2031 1882 2095 mendacio
1923 2055 2046 2096 con
2213 2036 2456 2119 fugere

354 2054 579 2177 {ostes
616 2112 697 2175 ab
739 2133 945 2176 cornu
982 2114 1189 2175 altero
1233 2112 1582 2187 clamitans,
1629 2114 2015 2177 concitasset
2053 2136 2274 2177 aciem.
2346 2118 2458 2178 in-

357 2207 513 2277 petu
551 2195 745 2266 facto,
794 2192 940 2255 dum
980 2214 1056 2255 se
1098 2206 1327 2272 putant
1364 2193 1652 2267 vincere,
1695 2193 1938 2257 vicere.
2003 2197 2267 2271 Consul,
2311 2220 2454 2260 me-

356 2290 547 2337 tuens
588 2294 672 2336 ne
714 2273 905 2335 nimis
935 2272 1233 2335 instando
1275 2286 1622 2335 renovaret
1659 2287 2000 2347 certamen,
2045 2277 2300 2358 signum
2341 2300 2456 2340 re-

360 2355 580 2436 ceptui
614 2352 834 2429 dedit.
916 2354 1357 2415 Intercessere
1463 2354 1604 2416 auci
1649 2352 1823 2427 dies,
1877 2354 2056 2419 velut
2093 2355 2306 2421 tacitis
2349 2358 2458 2418 in-

364 2434 573 2498 duciis
630 2433 953 2516 ,utrimque
1068 2434 1263 2509 uietel
1301 2374 1584 2529 suana:
1671 2454 1793 2516 per
1850 2434 2008 2517 quos
2061 2436 2293 2533 ingens
2349 2440 2456 2501 vis

360 2514 693 2577 hominum
750 2534 831 2575 ex
872 2514 1048 2574 omni
1096 2535 1170 2575 us
1210 2514 1470 2579 Volscis
1525 2514 1897 2597 Aequisque
1939 2519 2196 2597 populis
2235 2518 2306 2579 in
2349 2540 2459 2581 ca-

362 2610 493 2656 stra
535 2595 746 2666 venit,
800 2592 970 2653 haud
1012 2592 1336 2667 dubitans,
1381 2594 1438 2656 si
1481 2594 1842 2667 senserint,
1897 2598 2220 2662 Romanos
2259 2614 2460 2661 nocte

364 2675 671 2737 abituros.
712 2678 947 2771 'Itaque
992 2674 1179 2735 tertia
1220 2674 1362 2735 sere
1403 2672 1620 2757 vigilia
1661 2673 1744 2737 ad
1783 2688 1986 2738 castra
2027 2679 2460 2763 obpugnanda

365 2755 651 2817 veniunt.
734 2754 1115 2846 Quinctius,
1162 2753 1386 2817 sedato
1427 2755 1722 2827 tumultu,
1785 2776 1976 2851 quem
2015 2770 2235 2821 terror
2273 2760 2460 2821 subi-

362 2848 471 2899 tus
512 2836 865 2909 exciverat,
930 2854 1124 2916 quum
1162 2854 1426 2895 manere
1483 2834 1553 2895 in
1593 2837 1896 2898 tentoriis
1949 2840 2228 2918 quietum
2279 2841 2460 2901 mili-

246 2930 269 2949 ·
365 2930 498 2978 tem
532 2914 851 3010 jussisset,
894 2914 1330 2976 Hernicorum
1359 2913 1690 2977 cohortem
1734 2916 1800 2976 in
1833 2919 2166 2981 stationem
2199 2916 2460 2997 educit3

360 3015 734 3071 ‚cornicines
792 2994 1110 3058 tubicines
1160 3015 1274 3067 ue,
1333 2994 1397 3053 in
1455 3016 1658 3079 equos
1681 2992 1746 3073 ²¹³)
1801 2996 2158 3077 inpositos,
2217 3020 2460 3064 canere

366 3089 513 3136 ante
535 3076 768 3137 vallum
806 3074 1005 3154 jubet,
1050 3096 1123 3137 so
1178 3074 1523 3157 icitumque
1555 3074 1808 3139 hostem
1837 3078 1924 3143 ad.
1955 3081 2162 3143 lucem
2204 3094 2458 3143 tenere.

364 3155 686 3239 reliquum
740 3157 949 3219 noctis
990 3154 1152 3218 adeo
1196 3157 1538 3239 tranquilla
1578 3158 1790 3218 omnia
1845 3158 1916 3221 in
1971 3162 2195 3228 castris
2245 3161 2460 3233 fuere,

366 3249 438 3297 ut
478 3235 687 3297 somni
729 3256 981 3320 quoque
1024 3234 1329 3298 Romanis
1386 3236 1572 3318 copia
1613 3252 1806 3300 esset.
1888 3240 2160 3307 Volscos
2201 3242 2462 3322 species

366 3330 753 3378 armatorum
804 3315 1121 3397 peditum,
1180 3335 1344 3399 quos
1387 3330 1454 3378 et
1505 3316 1728 3398 plures
1785 3338 1967 3394 esse,
2031 3336 2094 3383 et
2133 3324 2462 3385 Romanos

366 3394 697 3478 putabant,
742 3395 1035 3457 fremitus
1075 3394 1498 3479 hinnitusque
1543 3417 1872 3480 equorum,
1919 3402 2050 3484 qui,
2095 3414 2161 3463 et
2200 3400 2462 3463 insueto

366 3475 640 3540 sedente
683 3476 924 3559 equite,
966 3488 1033 3538 et
1074 3475 1343 3556 insuper
1383 3496 1570 3539 aures
1611 3479 1891 3561 agitante
1933 3482 2166 3555 sonitu,
2211 3482 2462 3543 saevie-

366 3555 553 3630 bant,
600 3556 1107 3643 intentos'yelut
1147 3554 1227 3615 ad
1269 3555 1561 3635 inpetum
1599 3556 1882 3622 hostium
1922 3562 2148 3623 tenuit.

526 3640 723 3703 LXV.
806 3633 931 3698 Ubi
991 3635 1252 3707 inluxit,
1331 3638 1694 3711 Romanus,
1761 3641 2018 3722 integer
2073 3640 2330 3703 satiatus
2377 3664 2466 3704 ue

367 3736 595 3779 somno
646 3716 998 3799 productus
1056 3716 1124 3776 in
1186 3716 1427 3788 aciem,
1501 3716 1744 3780 fessum
1807 3720 2031 3783 stando
2097 3736 2163 3784 et
2217 3662 2465 3807 vigiliis

365 3798 671 3861 Volscum
714 3798 924 3879 primo
980 3797 1205 3879 inpetu
1244 3798 1544 3878 perculit.
1605 3820 1977 3887 quamquam
2018 3820 2278 3867 cessere
2329 3826 2462 3867 ma-

422 3918 485 4009 3)
522 3948 581 3998 in
614 3950 755 4021 equit
788 3946 963 4005 (ἴτω.
