2534 4309
437 124 946 253 'Luna
1032 170 1151 257 1'v.
1249 184 1511 255 Car.
1610 182 1727 263 48.
1892 204 1897 209 ·
2028 207 2199 264 211,

85 386 188 433 tes
229 369 452 435 creati.
514 384 582 435 et
619 388 810 455 quum
850 374 1254 454 rogationem
1292 376 1853 459 promulgassent‚·
1888 390 1968 449 'ut
2006 397 2185 460 ager-

85 474 172 513 ex
213 452 506 515 hostibus
549 466 767 533 captus
795 452 1052 515 .viritim
1091 452 1524 531 divideretur,
1584 475 1973 539 magnaeque
2015 477 2167 539 par-

83 534 174 595 tis
215 531 532 595 nobilium
575 552 652 594 eo
691 533 1067 609 plebisscito
1107 534 1593 615 publicarentur
1612 581 1615 587 -
1632 538 1971 615 fortunae3
2012 545 2195 616 (nec.-

87 614 268 674 enim
310 611 516 674 ferme
559 612 906 707 quidquam
949 612 1088 695 agri
1101 643 1142 684 ‚·
1181 628 1258 676 ut
1296 615 1362 675 in
1402 616 1565 678 urbe
1608 618 1821 677 alieno
1864 618 2004 678 solo
2046 638 2163 699 po-

87 694 236 767 sita,
279 713 414 754 non
453 714 644 753 armis
685 696 935 774 partum
977 706 1159 770 erat3
1221 714 1372 771 nec,
1418 696 1591 780 quod
1629 698 1915 759 venisset
1954 696 2165 780 adsig-

83 788 387 834 natumve
427 772 684 853 publice
716 785 904 846 esset,
945 787 1395 857 praeterquam
1416 775 1605 859 plebs
1646 772 1947 850 habebat)
1988 790 2169 839 atrox

87 853 272 935 plebi
312 853 738 935 Patribusque
793 854 1197 935 propositum
1237 856 1575 919 videbatur
1624 871 1985 919 certamem
2042 876 2167 921 nec

85 933 340 995 tribuni
378 933 685 1006 militum,
729 954 900 995 nunc
939 935 1008 993 in
1051 949 1309 1009 senatu,
1368 957 1541 1000 nunc
1578 937 1651 997 in
1692 936 1984 999 conciliis
2026 937 2169 1019 pri-

83 1016 256 1077 vatis
299 1014 670 1095 principum
732 1013 1080 1097 cogendis,
1154 1016 1325 1077 viam
1384 1018 1641 1079 consilii
1704 1014 2165 1096 inveniebant3

85 1114 284 1177 quum
324 1095 380 1155 A
431 1136 446 1153 .
492 1092 830 1167 Claudius,
896 1113 1100 1176 nepos
1143 1092 1320 1174 ejus,
1382 1098 1493 1179 qui
1536 1098 1861 1160 decemvir
1912 1096 2169 1179 legibus

84 1174 350 1235 scriben
401 1175 454 1235 is
497 1174 743 1248 suerat,
805 1174 1103 1235 minimus
1143 1190 1295 1237 natu
1338 1194 1415 1237 ex
1454 1181 1717 1240 Patrum
1756 1177 2033 1240 concilio
2071 1179 2161 1255 ¹⁶),

87 1254 330 1317 dicitur
372 1255 612 1316 dixisse
630 1298 649 1329 ,
714 1256 890 1315 Vetus
923 1274 984 1315 se
1021 1274 1093 1314 ac
1113 1256 1422 1331 fimiliare
1470 1258 1775 1317 consilium
1828 1259 2011 1317 dorne
2048 1258 2167 1316 ad,-

61 1339 258 1413 ferre.
341 1356 628 1415 proavum
677 1336 834 1395 enim
880 1336 1208 1413 suum1Ap:
1248 1336 1563 1401 Claudiam
1618 1337 1925 1399 ostendisse
1961 1337 2168 1397 Patri-

83 1418 191 1475 bue
231 1416 391 1476 υἰανη·
429 1436 608 1475 unam
633 1415 1028 1475 dissolvendae
1066 1414 1419 1477 tribuniciae
1444 1419 1739 1497 potestatis
1772 1439 1879 1497 per
1912 1418 2167 1497 conegu-

83 1517 226 1555 rum
263 1496 736 1557 intercessionem.
820 1496 1010 1555 Facile
1047 1496 1306 1557 homines
1344 1519 1521 1557 novos
1534 1555 1541 1566 ,
1556 1498 1901 1558 auctoritate
1936 1497 2167 1577 princi-

80 1598 231 1655 pum
275 1578 349 1636 de
381 1576 664 1642 sententia
691 1576 922 1647 deduci,
965 1574 1018 1634 si
1043 1585 1373 1655 temporum
1401 1577 1699 1637 interdum
1736 1578 1945 1654 potius,
1990 1596 2169 1655 quam

85 1658 430 1731 majestatis,
493 1676 714 1716 memor
751 1655 1100 1715 adhibeatur·
1147 1657 1357 1717 oratio.
1441 1658 1577 1736 Pro¹
1583 1660 1841 1735 fortuna
1880 1656 1991 1717 illas
2027 1660 2171 1718 ani-⁶

87 1756 216 1796 mos
254 1756 384 1797 esse.
469 1735 570 1795 ubi
606 1737 870 1807 videant,
931 1736 1176 1815 collegas
1227 1736 1518 1817 principes
1568 1735 1831 1815 agendae
1878 1736 1969 1797 rei
2016 1756 2169 1815 gra-

83 1818 236 1875 tiam
289 1837 522 1877 omnem
558 1818 638 1875 ad
698 1817 918 1895 plebem
955 1834 1425 1895 praeoccupasse,
1484 1838 1591 1877 nec
1628 1819 1821 1877 locum
1864 1817 1927 1875 in
1964 1837 2033 1877 ea
2072 1838 2169 1877 re·-

85 1898 296 1956 lictum
330 1896 476 1973 εἵως
519 1896 683 1955 haud
717 1904 962 1975 gravate
1000 1896 1398 1957 adclinaturos
1423 1918 1482 1957 se
1518 1899 1601 1955 ad
1626 1918 1886 1958 caussam
1919 1906 2167 1969 sonam,

83 1998 190 2056 per
227 1998 406 2055 quam
447 1976 710 2036 universo
750 1975 954 2035 ordini
966 1994 1103 2034 cum
1139 1970 1493 2054 primoribus
1510 1974 1611 2056 **)
1652 1998 1711 2037 se
1728 1978 1978 2039 Patrum
2015 1995 2163 2037 con·-

83 2059 306 2117 cilient.
387 2055 908 2138 Adprobantibus
965 2055 1210 2117 cunctis
1228 2098 1246 2129 ,
1304 2071 1373 2118 et
1422 2070 1567 2118 ante
1621 2077 1851 2135 omnes
1883 2054 1966 2146 Q.
2012 2058 2165 2121 Ser-

83 2137 242 2199 vilio
285 2138 548 2211 Prisco,
610 2135 783 2218 quod
820 2156 953 2197 non
999 2134 1457 2218 degenerasset
1512 2138 1590 2199 ab
1634 2137 1839 2220 stirpe
1868 2136 2165 2211 Llaudia,

83 2217 512 2297 conlaudante
589 2214 916 2295 juvenem,
973 2214 1305 2309 negotium
1350 2215 1563 2291 datur,
1615 2230 1711 2291 ut,
1752 2236 1934 2299 ’quos
1990 2218 2167 2301 quis-

85 2318 210 2380 que
263 2311 488 2379 posset
547 2316 624 2357 ex
683 2296 958 2378 collegio
1012 2295 1450 2368 tribunorum,
1516 2296 1597 2357 ad
1637 2296 2167 2359 intercessionem

81 2378 505 2461 perlicerent.
601 2376 802 2438 Misso
855 2372 1565 2457 senatu‘3-·prensant11r
1622 2376 1701 2437 ab
1759 2377 2167 2460 principibus

83 2458 375 2533 tribuni,
435 2456 762 2519 suadendo
787 2500 805 2532 ‚
846 2454 1207 2526 monendo,
1270 2456 1773 2551 pollicendoque.
1812 2472 2057 2539 gratum
2100 2458 2169 2519 id

83 2540 362 2622 singulis
401 2537 736 2633 privatim,
799 2551 1044 2619 gratum
1086 2534 1393 2599 universo.
1430 2549 1681 2597 senatui
1721 2537 1887 2611 fore,
1933 2557 2047 2598 sex
2088 2534 2169 2597 ad

83 2618 624 2682 intercessionem
674 2636 1150 2699 comparavere.
1231 2620 1637 2699 Posteroque
1694 2616 1799 2677 die
1854 2616 2047 2701 quum
2088 2636 2169 2677 ex

85 2699 450 2781 composito
493 2698 760 2759 relatum
786 2696 882 2759 ad
922 2710 1210 2757 senatum
1253 2710 1427 2767 esset
1468 2695 1547 2757 de
1588 2697 1931 2771 seditione,
1979 2717 2167 2779 quam

81 2780 420 2841 Maecilius
467 2778 884 2861 Metiliusque
938 2777 1284 2871 largitione
1322 2777 1587 2857 pessimi
1631 2778 1906 2857 exempli
1950 2778 2168 2839 conci-

81 2873 272 2937 rent3
327 2878 445 2920 eae
487 2858 812 2920 orationes
875 2880 912 2921 a
953 2856 1345 2939 primoribus
1387 2860 1650 2917 Patrum
1704 2856 1959 2918 habitae
1999 2870 2167 2931 sunt,

83 2954 157 3001 ut
193 2960 318 3021 pro
359 2958 432 3001 se
476 2938 746 3021 quisque
787 2937 910 3017 jam
967 2958 1088 3000 nec
1119 2935 1468 3000 'cons-ilium
1508 2938 1635 2999 sibi
1678 2936 2025 3017 subpetere
2068 2936 2167 2997 di-

85 3033 295 3093 ceret,
337 3040 464 3081 nec
504 3036 576 3079 se
615 3018 810 3085 ullam
847 3038 1038 3099 opem
1079 3036 1351 3079 cernere
1393 3018 1579 3079 aliam
1620 3038 1919 3100 usquam,
2027 3036 2167 3079 rae-

83 3112 380 3182 terquam
437 3098 504 3159 in
545 3096 894 3159 tribunicio
935 3097 1192 3160 auxilio.
1274 3096 1345 3155 in
1400 3097 1537 3178 ejus
1596 3097 1932 3177 potestatis
2022 3097 2168 3159 dem

87 3180 590 3243 circumventam
628 3176 1088 3259 rempublicam
1109 3220 1126 3249 ‚
1171 3189 1485 3258 tamquam
1524 3178 1843 3259 privatum
1882 3178 2164 3259 inopem,

87 3260 245 3321 conf
326 3280 462 3320 ere.
541 3259 952 3320 Praeclarum
1003 3257 1163 3337 ipsis
1205 3258 1509 3337 potestati
1556 3279 1636 3319 ue
1680 3276 1855 3330 esse,
1916 3278 2047 3320 non
2086 3254 2170 3319 ad

87 3360 288 3401 vexan
334 3360 444 3400 um
511 3352 800 3399 senatum
863 3338 1375 3417 discordiamque
1446 3360 1522 3400 or
1570 3339 1741 3399 inum
1791 3337 2172 3401 movendam

83 3420 228 3501 plus
271 3421 340 3480 in
379 3418 706 3479 tribunatu
744 3417 976 3479 virium
1015 3437 1190 3489 esse,
1300 3439 1441 3493 uam
1480 3416 1563 3478 ad
1602 3417 2029 3479 resistendum
2068 3418 2171 3478 in-

87 3498 312 3582 probis
371 3498 661 3581 collegis-
742 3498 1063 3559 Fremitus
1117 3495 1269 3557 dein
1318 3511 1358 3557 e
1406 3498 1693 3581 universi
1747 3511 2001 3561 senatus
2060 3518 2169 3559 or-

86 3592 219 3653 tus,
285 3598 477 3661 quum
519 3598 598 3639 ex
660 3578 952 3639 omnibus
993 3576 1282 3659 partibus
1334 3578 1550 3639 curiae
1588 3577 1832 3639 tribuni
1884 3577 2168 3660 adpella-

85 3674 348 3721 rentur:
390 3672 543 3730 tum,
587 3657 847 3720 silentio
888 3656 1078 3727 facto,
1125 3657 1196 3730 ii,
1241 3656 1349 3739 qui
1388 3658 1753 3739 praeparati
1801 3670 1983 3719 erant
2022 3678 2168 3741 gra-

87 3740 172 3799 tia
215 3740 606 3820 principum,
653 3760 838 3831 quam
875 3738 1285 3819 rogationem
1323 3758 1358 3797 a
1400 3738 1669 3821 collegis
1708 3738 2169 3831 promulng

87 3832 342 3881 senatus
381 3832 648 3881 censeat
687 3816 1135 3883 dissolvendae
1177 3816 1577 3898 reipublicae
1621 3837 1765 3880 esse
1785 3861 1803 3892 ,
1849 3816 1913 3878 ei
1954 3836 2027 3880 so
2070 3836 2171 3877 m·
2264 3854 2289 3871 ι

151 3987 216 4055 “)
249 3988 466 4039 consitio
495 3988 652 4044 Crev.
721 3980 810 4051 n)
841 3988 1096 4057 pnon'bm
1129 3982 1300 4045 θεαὶ.
1603 4066 1639 4137 4
1692 4066 1733 4103 ἦ
2090 4062 2119 4095 ⁸.

223 4106 238 4117 .
1448 4114 1457 4119 ·
1556 4081 1583 4126 l
