2534 4309
474 195 600 263 L1
653 159 908 262 nitu·
983 193 1160 259 vlu.
1264 179 1523 263 Car.
1594 135 1788 262 53(
2018 187 2159 284 577

243 381 468 442 xxm.
551 369 892 456 Publilius,
954 379 1078 442 duo
1121 378 1318 440 minin
1356 378 1743 442 Nolanorum
1784 381 2051 446 muitum
2095 368 2163 446 ει

74 473 360 542 quatuor
400 461 793 534 Samnitium,
835 460 1035 542 magis
1079 459 1343 521 Nolanis
1387 459 1781 542 cogentibus,
1824 481 2004 542 quam
2046 482 2163 525 vo·

71 539 327 602 luntate
373 541 782 614 Graecorum,
826 553 1086 622 recepta
1125 537 1519 621 Palaepolim
1540 538 1627 616 ⁴¹),
1670 539 1956 602 miserat:
2003 545 2161 612 Cor-

73 621 333 693 nelius,
400 619 717 684 delectum
781 619 1086 682 indictum
1137 641 1172 682 a
1227 619 1736 700 magistratibus,
1798 621 2165 684 universum

76 700 407 762 Samnium
449 713 751 775 erectum,
795 722 866 764 ac
887 699 1130 764 vicinos
1161 701 1460 782 populos,
1504 698 1966 772 Privernatem,
1991 703 2162 762 Fun-

77 779 466 862 danumque,
512 796 576 844 et
615 781 1039 853 Formianum,
1083 774 1252 840 haud
1292 779 1585 862 ambigue
1622 779 1975 842 sollicitari.
2058 777 2164 843 Ob

73 857 244 919 haec
331 881 474 920 uum
525 861 588 922 le
636 873 772 922 atos
833 861 998 920 mitti
1055 857 1402 940 placuisset
1510 859 1643 922 rius
1708 857 1787 921 ad
1830 859 2164 938 Samnites,

79 961 274 1020 quam
363 940 554 1000 ellum
617 941 823 1016 ieret3
887 961 1270 1020 responsum
1323 879 1617 1002 redtiitur
1656 935 1733 1000 ab
1778 937 2165 1002 Samnitibus

75 1021 294 1082 ferox.
375 1019 557 1082 Ultro
601 1019 972 1081 incusabant
1013 1017 1277 1098 injurias
1316 1023 1775 1082 Romanorum:
1834 1031 2042 1101 neque
2086 1039 2167 1082 eo

75 1100 536 1183 neglegentius
604 1121 716 1174 ea,
790 1121 948 1184 quae
1026 1100 1184 1180 ipsis
1242 1099 1715 1178 objicerentur,
1790 1098 2163 1182 purgabant.

74 1181 268 1240 Haud
330 1179 444 1240 ullo
497 1181 729 1260 publico
783 1181 1022 1240 consilio
1085 1175 1379 1239 auxiliove
1431 1181 1639 1256 juvari
1692 1177 1945 1240 Graecos
1964 1207 1979 1237 .·
2056 1198 2165 1240 nec

75 1261 142 1320 F
139 1259 444 1319 uncianum
501 1259 953 1318 Formianumve
1003 1279 1041 1318 a
1097 1283 1155 1320 se
1219 1257 1565 1319 sollicitatos.
1652 1261 1859 1338 quippe
1920 1259 2163 1318 minime

74 1337 384 1418 poenitere
423 1339 482 1396 se
521 1340 740 1398 virium
776 1359 1034 1410 suarum,
1072 1340 1125 1400 si
1161 1339 1373 1398 bellum
1409 1342 1663 1418 placeat.
1732 1339 2003 1399 Ceterum
2044 1359 2165 1398 non

75 1435 248 1497 posse
287 1418 674 1492 dissimulare,
715 1439 885 1498 aeg-re
920 1419 1054 1498 pati
1086 1417 1381 1478 civitatem
1418 1413 1799 1490 Sanmiliwn,
1842 1421 1999 1497 quod
2018 1417 2165 1486 Ere-

73 1497 288 1576 gellas‚
332 1517 406 1556 ex
455 1495 670 1558 Volscis
708 1507 903 1578 copias
944 1499 1280 1578 dirutasque
1320 1499 1393 1557 ab
1432 1517 1527 1572 se,
1586 1499 1899 1558 restituerit
1936 1497 2168 1558 Roma-
2250 1527 2262 1540 ν

79 1596 194 1638 nus
253 1577 500 1658 populus
526 1620 543 1652 ,
629 1579 1036 1655 coloniamque
1097 1577 1164 1638 in
1212 1577 1569 1638 Samnitium
1626 1599 1774 1657 agro
1825 1577 2165 1658 inposuerit,

83 1677 266 1734 quam
302 1657 503 1716 coloni
538 1677 737 1718 eorum
774 1658 1064 1735 Fregellas
1116 1657 1429 1738 adpellent.
1534 1657 1692 1717 Eam
1745 1679 1803 1720 se
1858 1669 2167 1718 contame-

83 1737 234 1795 Iz'am
273 1736 548 1813 injuriam
593 1755 679 1808 ue,
724 1737 792 1798 ni
822 1737 933 1798 sibi
969 1739 1043 1798 ab
1085 1735 1175 1810 312³,
1218 1737 1321 1816 qui
1338 1737 1615 1815 fecerint,
1656 1741 1958 1809 dematur,
2019 1739 2167 1818 ipsos

85 1817 264 1875 omni
300 1817 360 1876 οἱ
396 1817 508 1894 dep
571 1836 733 1876 suros
771 1837 898 1877 esse.
983 1815 1195 1912 Quum
1233 1819 1556 1880 Romanus
1596 1817 1842 1901 legatus
1900 1817 1980 1880 ad
2035 1815 2167 1878 dis-

83 1894 469 1976 ceptandum
509 1915 621 1956 eos
663 1895 742 1958 ad
782 1915 1141 1958 communes
1181 1896 1394 1961 socios
1452 1910 1638 1982 atque
1699 1899 1936 1960 amicos
1976 1915 2168 1959 voca-

83 1989 221 2036 ret:
325 1976 486 2052 Quid
543 1977 814 2055 perplexe
876 1973 1154 2052 agimus?
1222 1977 1452 2061 inquit.
1552 1979 1773 2038 Nostra
1820 1978 2163 2048 certamina,

83 2055 365 2125 Romani,
405 2075 524 2114 non
565 2057 738 2116 verba
781 2058 1138 2136 legatorum,
1203 2077 1308 2118 nec
1348 2057 1655 2116 hominum
1698 2057 1999 2136 quisquam
2038 2057 2165 2116 dis-

80 2145 387 2214 ceptator,
455 2135 555 2194 sed
595 2155 833 2213 campus
873 2135 1230 2216 CampanuS,
1290 2136 1375 2200 in,
1398 2157 1511 2214 quo
1552 2140 2019 2205 concurrendum
2058 2145 2161 2208 est,

83 2225 140 2273 et
189 2235 366 2272 arma
416 2224 474 2272 et
525 2216 850 2275 communis
903 2217 1074 2276 Mars
1128 2217 1269 2276 belli
1320 2217 1609 2276 dec-emet.
1709 2215 1972 2276 Proinde
2015 2216 2166 2275 inter·

85 2297 354 2373 Capuam
391 2293 830 2372 Suessulamque
868 2306 1058 2354 castra
1097 2296 1301 2356 castris
1336 2297 1749 2373 conferamus.-
1792 2305 1865 2367 et,
1924 2295 2164 2358 Samni:

81 2377 460 2436 Romanusne
512 2375 750 2456 imperio
792 2375 1033 2434 Italiam
1073 2385 1256 2456 regat,
1300 2375 1705 2438 decernamus.
1786 2375 2011 2457 Legati
2030 2377 2163 2436 Ro·

81 2473 418 2516 manorum
459 2475 650 2537 quum
690 2475 792 2530 se,
863 2475 992 2517 non
1035 2477 1161 2538 quo
1201 2454 1404 2516 hostis
1457 2467 1794 2529 vocasset,
1863 2453 1977 2516 sed
2035 2473 2163 2538 quo

81 2537 510 2614 imperatores
572 2535 668 2596 sui
723 2533 1087 2610 duxissent,
1171 2535 1377 2596 ituros
1437 2553 1581 2613 esse
1635 2553 1741 2596 res
1792 2533 2165 2612 ondissent3

79 2615 208 2696 jam
245 2612 580 2688 Publilius,
630 2615 799 2676 inter
840 2615 1227 2696 Palaepolim
1267 2613 1731 2697 Neapolimque
1778 2634 1893 2676 oco
1922 2634 2167 2696 oppor-

81 2710 238 2755 tune
281 2707 489 2774 capto‚
534 2694 877 2756 diremerat
916 2693 1205 2755 hostibus
1249 2695 1618 2756 societatem
1658 2693 1880 2756 auxilii
1918 2692 2163 2774 mutui}

83 2797 230 2858 qua,
273 2787 344 2833 ut
386 2775 651 2856 quisque
690 2775 869 2837 locus
909 2787 1345 2856 premeretur,
1406 2775 1578 2836 inter
1638 2795 1711 2836 se
1750 2774 1851 2835 usi
1890 2771 2166 2835 fuerant.

83 2859 308 2938 ltaque
349 2875 538 2936 quum
579 2868 645 2914 et
684 2854 1084 2916 comitiorum
1125 2855 1266 2916 dies
1309 2854 1613 2928 instaret,
1658 2868 1756 2928 et,
1797 2853 2166 2928 Publilium,

81 2936 509 2995 inminentem
546 2933 824 2996 hostium
863 2935 1081 3010 muris,
1130 2935 1384 2998 avocari
1425 2935 1502 2996 ab
1546 2953 1662 3018 spe
1704 2932 2050 3016 capiendae
2094 2931 2167 2992 in

83 3013 223 3075 dies
269 3012 471 3090 urbis,
513 3013 682 3075 haud
724 3035 762 3076 e
801 3013 1128 3096 republica
1167 3028 1381 3092 esset3
1443 3029 1649 3076 actum
1688 3035 1831 3076 cum
1884 3012 2164 3076 tribunis

80 3107 200 3169 est,
249 3091 333 3154 ad
421 3095 679 3175 opulum
719 3095 988 3168 ferrent,
1029 3109 1118 3168 ut,
1163 3115 1355 3179 quum
1404 3091 1720 3156 Publilius
1762 3093 1950 3156 Philo
2010 3113 2165 3155 con-

83 3176 294 3236 sulatu
339 3113 597 3249 abisset,
642 3195 764 3269 pro
805 3175 1064 3237 consule
1105 3195 1240 3235 rem
1283 3187 1562 3261 gereret,
1612 3174 1821 3257 quoad
1880 3173 2161 3236 debella-

79 3267 212 3317 tum
255 3274 400 3316 cum
443 3255 704 3318 Graecis
747 3269 939 3319 esset.
1017 3257 1092 3318 L.
1139 3255 1446 3318 Cornelio
1494 3251 1668 3338 (quia
1708 3275 1791 3316 ue
1835 3275 1980 3316 eum
2022 3253 2167 3340 qui-

81 3333 228 3396 dem
272 3333 341 3395 in
384 3334 696 3396 Samnium
737 3335 862 3406 iam
900 3335 1259 3418 ingressum
1298 3335 1589 3398 revocari
1628 3334 1705 3395 ab
1748 3335 1967 3416 inpetu
2008 3331 2167 3396 belli

81 3414 402 3496 placebat)
443 3415 672 3478 literae
710 3417 964 3490 missae,
1006 3429 1074 3476 ut
1116 3415 1489 3478 dictatorem
1533 3412 1933 3477 comitiorum
1980 3433 2164 3475 caus·

80 3515 147 3554 sa
191 3495 462 3557 diceret.
508 3494 666 3556 dixit
705 3501 790 3558 M.
837 3493 1166 3558 Claudium
1207 3495 1600 3558 Marcellum.
1642 3493 1739 3555 ab·
1766 3515 1843 3558 eo
1866 3493 2173 3576 magister

84 3576 374 3656 equitum
425 3571 629 3637 dictus
675 3577 784 3658 Sp.
828 3577 1212 3640 Postumius.
1296 3577 1430 3637 Nec
1471 3589 1681 3636 tamen
1732 3574 1811 3636 ab
1846 3575 2169 3636 dictatore

83 3655 350 3716 comitia
389 3669 536 3718 sunt
573 3657 806 3730 habita,
853 3657 1020 3742 quia,
1063 3657 1311 3719 vitione
1351 3670 1599 3718 creatus
1661 3667 1861 3730 esset,
1922 3655 1991 3715 in
2033 3651 2167 3714 ‹lis-

85 3735 499 3814 quisitionem
541 3737 738 3800 venit.
773 3737 1059 3814 ,consulti
1102 3753 1398 3820 augures,
1436 3737 1737 3798 vitiosum
1775 3733 1985 3800 videri
2026 3733 2163 3794 dic·
2316 3757 2329 3798 ι

85 3827 379 3890 tatorem,
423 3819 1016 3898 pronuntiaverunt.
1099 3821 1256 3882 Eam
1314 3837 1453 3880 rem
1508 3815 1750 3880 tribuni
1808 3825 2176 3896 suspectam

151 3987 204 4052 ⁹)
237 3985 518 4058 Palaepoli
547 3985 719 4048 Grou.
753 3983 911 4048 cm.
