2534 4309
458 168 673 237 1¹¹ss
724 191 764 261 ,Β
813 184 861 239 R
940 172 1029 246 II·
1131 170 1187 239 C
1237 193 1283 238 Α
1331 192 1386 239 1³.
1479 162 1596 239 58.
1652 121 1762 258 ὖῤ.
2039 155 2280 235 1052*

102 370 295 422 metus
334 355 693 421 coercebat.
776 356 849 419 Si
890 354 1084 419 citius
1126 358 1231 440 agi
1269 358 1468 421 vellet
1503 377 1750 441 agmen,
1791 352 2034 419 tardius
2075 376 2178 419 se-

100 436 245 501 dulo
284 438 627 500 incedere:
687 437 745 500 si
786 434 1155 501 adhortator
1194 439 1416 532 operis
1455 437 1742 511 adesset,
1807 456 2028 500 omnes
2070 458 2181 499 sua

104 530 321 599 sponte
363 531 596 580 motam
627 518 959 579 remittere
1003 516 1404 583 industriam.
1447 518 1779 601 praesenti
1813 520 2024 580 vultus
2062 518 2179 578 de-

98 598 370 675 mittere,
414 597 610 660 tacite
648 610 1169 681 praetereuntem
1208 599 1578 661 exsecrarie
1635 598 2022 659 uvius-ictus
2065 596 2180 657 ille

2 692 15 717 ’
102 678 245 741 odio
284 677 551 760 plebeio
593 679 839 741 animus
881 676 1203 739 interdum
1242 692 1629 742 moveretur.
1672 678 1867 741 Omni
1908 676 2182 761 nequid-2

3 764 9 773 '
102 780 279 841 quam
317 758 671 821 acerbitate
713 772 989 840 promta,
1036 757 1197 818 nihil
1234 759 1372 837 jam*
1398 780 1542 822 cum
1583 756 1900 823 militibus
1941 764 2176 839 agere:

102 858 135 898 a
182 838 665 901 centurionibus
734 852 1107 920 corruptum
1178 840 1536 902 exercitum
1587 838 1856 902 dicere:
1927 840 2186 899 tribunos

103 919 275 999 plobqi
308 919 619 983 cavillans
662 918 986 981 interdum
1028 932 1097 979 et
1139 917 1448 987 Volerones
1483 938 1740 983 vocare.
1765 922 1854 973 ῑν·

250 1002 414 1062 mx,
499 998 679 1061 Nihil
734 1020 959 1061 eorum
997 998 1224 1063 Volsci
1262 999 1676 1073 nesciebant,
1737 996 2184 1079 instabantque

110 1098 185 1140 eo
222 1080 453 1162 magis,
495 1092 867 1160 sperantes,
910 1079 1081 1141 idem
1123 1092 1446 1141 certamen
1485 1082 1837 1143 animorum
1877 1078 2185 1140 adversus

104 1160 373 1239 Appium
416 1159 776 1221 habiturum
819 1159 1173 1221 exercitum
1213 1162 1568 1222 Romanum
1589 1204 1606 1234 ,
1669 1158 1842 1245 quod
1883 1159 2192 1223 adversus.

106 1239 360 1301 Fabium
390 1240 735 1302 consulem·
758 1238 1102 1302 habuisset.
1148 1240 1451 1303 Ceterum
1489 1242 1690 1303 multo
1721 1239 1958 1321 Appio,
2002 1258 2188 1321 quam
2419 1254 2434 1287 ἰ

107 1320 295 1381 Fabio
318 1364 337 1395 ,
384 1319 745 1384 violentior
782 1320 928 1383 fuit.
968 1323 1115 1382 Non
1156 1320 1332 1382 enim
1370 1320 1636 1386 vincere
1677 1334 1918 1383 tantum
1958 1317 2186 1387 noluit,

106 1414 169 1465 ut
202 1400 528 1463 Fabianus
583 1400 935 1474 exercitus,
997 1400 1115 1462 sed
1170 1398 1346 1465 vinci
1396 1400 1619 1465 voluit.
1701 1399 2062 1465 Productus
2117 1396 2186 1457 in

102 1480 293 1543 aciem
342 1479 529 1561 turpi
582 1480 740 1564 fuga
785 1481 951 1563 petit
1002 1494 1204 1543 castra
1222 1502 1243 1559 3
1302 1501 1426 1544 nec
1476 1494 1626 1543 ante
1667 1480 1940 1555 restitit,
2001 1498 2192 1563 quam

106 1560 277 1643 signa
326 1560 731 1624 inserentem
771 1562 1073 1628 Volscum
1124 1560 1540 1625 munimentis
1587 1560 1776 1636 vidit,
1805 1558 2191 1641 foedamque

106 1642 367 1704 extremi
412 1640 687 1723 agminis
723 1640 1005 1705 caedem.
1088 1644 1255 1703 Tum
1299 1662 1605 1723 expressa
1643 1642 1741 1706 vis
1783 1640 1863 1703 ad
1903 1658 2191 1723 pugnan-

108 1720 243 1783 dum
262 1766 281 1796 ‚
346 1734 429 1785 nt
459 1720 679 1784 victor
722 1720 849 1801 jam
904 1745 938 1784 a
978 1722 1149 1786 vallo
1192 1723 1686 1804 submoveretur
1724 1720 1970 1799 hostis3
2040 1719 2196 1781 satis

108 1816 303 1864 tamen
346 1800 729 1884 adpareret,
790 1802 934 1886 capi
986 1798 1225 1865 tantum'
1266 1816 1472 1865 castra
1527 1802 1801 1865 militem
1839 1806 2194 1863 Romanum

110 1882 417 1945 noluisse.
478 1882 591 1943 alii
634 1880 914 1963 gaudere
966 1902 1079 1943 sua
1119 1881 1298 1945 clade
1339 1898 1530 1980 atque
1570 1882 1946 1966 ignominia.
2029 1880 2194 1971 Qui-

108 1960 221 2035 bus,
270 1962 445 2025 nihil
498 1962 805 2027 infractus
868 1962 1055 2025 ferox
1096 1962 1296 2045 Appii
1335 1984 1580 2025 animus
1601 2007 1618 2037 ‚
1681 1984 1878 2047 quum
1929 1962 2206 2041 insuper-

112 2042 350 2105 saevire
393 2042 629 2116 vellet,
692 2043 1199 2127 concionemque
1242 2043 1612 2118 advocaret,
1669 2054 2062 2106 concurrunt
2115 2038 2199 2100 ad

115 2142 247 2183 eum
301 2122 507 2206 legati
561 2121 966 2207 tribunique,
1036 2136 1376 2185 monentes
1398 2168 1416 2199 ,
1481 2144 1568 2187 ne
1626 2123 1849 2208 utique
1911 2118 2201 2205 experiri

115 2203 305 2266 vellet
345 2202 697 2285 imperium
716 2246 734 2277 ‚
791 2202 970 2283 cujus
1009 2205 1111 2267 vis
1154 2201 1364 2265 omnis
1408 2206 1478 2267 in
1521 2224 1843 2268 consensu
1885 2201 2197 2265 obedien-

112 2284 263 2345 tium
300 2298 503 2347 esset.
584 2286 837 2367 Negare
878 2283 1071 2379 vulgo
1111 2284 1372 2357 milites,
1417 2288 1492 2348 se*
1531 2282 1612 2346 ad
1653 2284 2032 2347 concionem
2067 2277 2200 2343 itu·

114 2382 253 2441 τοις
356 2364 687 2448 assimque
739 2362 1029 2426 exaudin
1084 2383 1280 2427 voces
1333 2364 1826 2447 postulantium,
1884 2376 1954 2424 ut
1995 2375 2204 2424 castra

116 2466 189 2505 ex
210 2386 461 2511 Volsco
500 2464 656 2527 agro
696 2456 1094 2510 moveamus*
1128 2446 1400 2507 Hostem
1436 2446 1752 2511 victorem
1793 2444 2009 2526 paullo
2051 2456 2200 2503 ante
2236 2446 2242 2453 ’

118 2544 317 2606 prope
376 2525 455 2585 in
504 2522 715 2605 portis
766 2544 841 2587 ac
892 2525 1062 2588 vallo
1101 2523 1345 2604 fuisse3
1407 2524 1688 2609 ingentis
1781 2542 1818 2586 e
1873 2523 2023 2584 mali
2065 2542 2199 2583 non

120 2622 219 2666 sus
266 2604 555 2669 icionem
592 2604 821 2679 modo,
878 2602 994 2667 sed
1033 2618 1318 2687 apertam
1356 2606 1642 2687 speciem
1681 2627 1722 2668 o
1769 2603 2016 2665 versari
2056 2614 2206 2662 ante

120 2626 355 2752 oeulos.
460 2684 691 2748 Victus
745 2684 1030 2758 tandem,
1114 2684 1662 2771 (qnandoquidem
1717 2684 1908 2746 nihil·
1945 2695 2207 2765 praeter

121 2776 361 2847 tempus
406 2784 615 2827 noxae
654 2763 1097 2845 lucrarentur)
1130 2765 1404 2828 remissa
1444 2766 1781 2838 concione,
1827 2764 1953 2827 iter
1995 2762 2062 2824 in
2105 2761 2206 2821 in-

124 2859 501 2929 sequentem
541 2845 712 2907 diem
750 2845 1160 2927 pronuntiari
1248 2868 1404 2907 uum
1429 2846 1772 2925 jussisset,
1813 2844 2020 2938 prima
2060 2839 2206 2903 luce

126 2924 385 2989 classico
426 2925 681 3007 signum
716 2925 1143 3007 profectionis
1187 2868 1386 2989 dledit.
1430 2928 1641 3021 Quum
1670 2942 1939 2986 maxime
1979 2940 2210 3003 agmen

126 3022 159 3065 e
196 3006 423 3073 castris
464 3006 925 3089 explicaretur,
982 3007 1251 3079 Volsci,
1314 3020 1388 3069 ut
1425 3005 1656 3070 eodem
1697 3005 1886 3087 signo
1927 3001 2205 3073 excitati,

127 3086 509 3149 novissimos
551 3084 943 3152 adoriuntur.
995 3088 1055 3148 A
1094 3086 1328 3172 quibus
1369 3086 1654 3181 perlatus
1694 3087 1774 3147 ad
1817 3083 2063 3167 primos
2103 3094 2206 3142 tu-

130 3167 377 3241 multus,
422 3186 503 3229 eo
532 3187 770 3247 pavore
801 3168 1113 3251 signaque
1148 3182 1215 3231 et
1250 3164 1518 3229 ordines
1559 3164 1854 3239 turbavit,
1897 3177 1969 3225 ut
1998 3180 2210 3245 neque

124 3242 390 3341 imperia
450 3246 770 3320 exaudiri,
842 3268 1059 3331 neque
1116 3246 1350 3310 instrui
1400 3247 1575 3309 acies
1628 3258 1922 3329 possent.
2019 3262 2210 3304 nemo
2279 3306 2304 3332 „
2379 3260 2426 3291 υ

124 3326 351 3401 ullius,
396 3324 533 3389 nisi
572 3326 797 3411 fugae,
850 3330 1296 3419 memoraetha
1341 3324 1551 3390 effuso
1592 3327 1847 3410 agmine
1889 3344 2012 3406 per
2041 3336 2211 3411 stra-
2241 3312 2488 3399 ἵζ’-«κίω-

124 3424 271 3499 522
310 3428 661 3489 corporum
700 3426 1151 3491 armorumque
1190 3426 1478 3480 evasere,
1521 3420 1591 3469 nt
1631 3406 1812 3489 prius
1852 3404 2058 3466 hostis
2099 3398 2250 3463 des

6 3484 379 3579 ι’-ηψῑετει
418 3506 489 3548 se
538 3488 634 3561 ui,
722 3508 799 3550 ua
904 3492 1231 3551 Romanus
1271 3486 1521 3571 fugere.
1605 3488 1911 3558 Tandem,
1956 3484 2213 3546 conlec-

121 3578 203 3628 ns
242 3588 324 3629 ex
368 3508 916 3651 diss‘ifsrogmssu
956 3566 1295 3643 militibus,
1341 3566 1586 3641 consul,
1631 3588 1821 3653 quum
1851 3562 2217 3626 revocando

124 3646 554 3733 nequidquam
596 3670 746 3711 suos
788 3661 1165 3730 persecutus
1208 3660 1404 3719 esset,
1449 3648 1520 3708 in
1560 3663 1783 3729 pacato
1817 3665 1974 3728 agro
2015 3658 2220 3705 castra

126 3728 373 3807 posuit·
454 3728 881 3826 advocataque
934 3728 1282 3801 concione,
1351 3727 1642 3791 invectus
1699 3726 1870 3789 haud
1922 3724 2088 3786 falso
2147 3723 2216 3781 in

130 3824 169 3885 Ρ
578 3824 933 3873 exercitum
985 3808 1286 3871 militaris
1341 3807 1756 3889 disciplinae,
1817 3806 2220 3867 desertorem

134 3884 453 3969 signorum
479 3886 513 3967 3‘
542 3891 655 3952 nbi
697 3890 899 3974 signa,
942 3888 1056 3951 ubi
1083 3908 1255 3951 arma
1284 3901 1522 3961 essent,
1567 3887 1856 3971 singulos
1897 3883 2214 3964 rogitans3

136 3966 411 4033 inermes
450 3970 717 4041 milites,
761 3971 952 4053 signo
993 3969 1229 4033 amisso
1271 3966 1666 4052 signifer-003
1707 3966 1786 4028 ad
1826 3964 1954 4027 hoe
1991 3973 2220 4025 centu-
