2534 4309
2103 0 2515 12 ..Ὗ--ᾐήἮ-ῄ,

389 183 837 264 ιιιιιιι
915 159 1887 293 v111.1c.1›;³5..⁷‚e'.,
1986 169 2173 270 ‘589
2274 181 2284 190 ·

33 371 341 448 ber-avit
397 379 602 434 ‘onere
653 389 1010 438 consensus
1062 373 1291 469 populi
1333 376 1643 448 Romani,
1703 374 1783 436 ad
1838 395 2069 456 preces
2114 389 2181 437 et

37 449 584 516 obtestationem
622 471 884 520 versus.
947 469 1016 515 ut
1053 454 1183 516 sibi
1221 475 1495 536 poenam
1552 455 1838 548 magistri
1892 457 2180 541 equitum

41 533 368 595 dictator
408 532 788 606 remitteret.
873 535 1152 596 'fribuni
1195 555 1477 620 quoque,
1520 535 1893 596 inclinatam
1927 557 2071 601 rem
2112 537 2181 598 in

39 633 320 696 preces
388 612 755 685 subsecuti,
832 635 1016 678 orare
1093 613 1471 678 dictatorem
1528 615 1833 678 insistunt
1854 657 1870 687 ‚
1948 631 2017 680 ut
2069 637 2180 680 ve-

43 695 258 756 niam
281 693 492 756 errori
515 693 810 767 humano,
855 695 1106 756 veniam
1129 694 1602 758 adolescentiae
1647 697 1729 790 Q.
1752 693 1939 758 Fabii
1964 695 2179 760 daret:
2240 725 2251 732 ·

48 775 242 840 eatis
265 795 414 836 eum
494 793 799 836 oenarum
834 773 1110 838 dedisse.
1154 779 1297 838 Jam
1316 777 1459 858 ipse
1480 776 1877 849 adolescens,
1921 775 2049 857 jam
2068 797 2181 858 pa·

51 871 188 917 ter
215 859 308 915 Μ.
349 795 590 916 Fafiius
633 856 1068 920 contentionis
1108 854 1321 931 obliti,
1410 857 1793 920 rocumbere
1832 854 1913 920 ad
1952 877 2181 940 genua,

53 949 140 998 et
175 935 348 996 iram
367 934 705 1016 deprecari
729 933 1084 999 dictatoris.
1131 939 1312 1022 Tum·
1339 877 1637 1018 (fimatur,
1684 936 1946 1000 silentio
1987 935 2182 1011 facto,

55 1015 272 1076 Bene‘
294 1015 496 1084 habet,
535 1015 747 1098 inquit
764 1059 782 1088 ,
829 1015 1106 1097 Quirites.
1171 1017 1311 1078 vicit
1349 1019 1661 1100 disciplina
1700 1017 2009 1087 militaris}
2048 1018 2189 1078 vicit

61 1095 334 1174 imperii
386 1101 678 1173 majestas,
738 1116 884 1172 quae
935 1096 998 1156 in
1049 1094 1394 1158 discrimine
1432 1101 1720 1176 suerunt,
1780 1119 1861 1158 an
1902 1098 2021 1157 ulla
2057 1107 2188 1176 post

57 1178 250 1238 hanc
287 1175 450 1234 diem
488 1185 682 1236 essent.
726 1175 871 1260 Non
907 1198 1096 1237 noxae
1134 1179 1416 1243 eximitur·
1438 1181 1535 1262 Q.
1570 1179 1797 1248 Fabius,
1838 1178 1941 1256 qui
1976 1187 2185 1238 contra
2288 1207 2295 1214 ·
2334 1173 2343 1186 '

59 1257 354 1316 edictum
389 1255 754 1335 imperatoris
790 1257 1074 1337 pugnavit
1083 1279 1112 1334 ,⁰
1147 1261 1270 1329 sed,
1314 1279 1503 1320 noxae
1542 1260 1877 1330 damnatus,
1921 1261 2189 1318 donatur

65 1335 310 1416 populo
326 1337 598 1396 Romano
603 1356 633 1412 3
673 1337 934 1398 donatur·
975 1338 1322 1400 tribuniciae
1340 1341 1629 1420 polestatt’,
1669 1338 2042 1419 praecariam
2062 1359 2187 1398 non
2373 1373 2411 1382 ν
2513 1413 2518 1422 .

55 1423 304 1494 justum
339 1415 632 1480 auxilium
653 1419 902 1496 ferenti.
953 1418 1119 1490 Vive,
1165 1423 1241 1498 Q.
1286 1420 1449 1490 Fabi,
1474 1420 1722 1497 felicior
1760 1421 1874 1480 hoc
1911 1433 2189 1480 comma
2229 1412 2252 1423 ⁵

63 1495 346 1556 civitatis
394 1499 477 1554 ad
525 1499 810 1556 tuendum
862 1508 948 1570 te,
999 1519 1206 1576 quam,
1265 1521 1377 1578 qua
1416 1501 1614 1579 paullo
1666 1509 1803 1560 ante
1842 1499 2185 1570 exsultabas,

67 1576 353 1640 victoria.
413 1577 541 1637 vive
558 1617 578 1646 ,
620 1575 686 1635 id
707 1561 952 1654 facinus
987 1599 1185 1651 ausus,
1225 1583 1389 1657 cujus
1432 1580 1540 1640 tibi
1573 1601 1646 1640 ne
1680 1599 1889 1662 parens
1927 1577 2186 1660 quidem,

69 1657 135 1718 si
175 1657 389 1716 eodem
423 1658 554 1716 loeo
578 1656 826 1734 flu'sset,
869 1679 982 1736 quo
1003 1660 1143 1739 fuit
1178 1661 1248 1720 L.
1294 1660 1605 1742 PapiriuS,
1647 1662 1877 1724 ventum
1914 1659 2182 1727 dedisset.
2262 1721 2267 1726 ,

69 1737 354 1808 stlocum,
395 1747 462 1797 ut
491 1736 669 1806 «voles,
711 1739 1016 1800 reverteris
1056 1738 1120 1800 in
1154 1739 1415 1822 gratiam
1439 1767 1455 1798 .-
1497 1741 1712 1820 populo
1754 1743 2050 1808 Romano,
2090 1739 2191 1799 eui
2242 1801 2249 1815 ,

71 1817 274 1879 vitam
311 1817 510 1886 debes,
573 1815 726 1876 nihil
764 1820 948 1892 majus
999 1821 1387 1898 praestiteris,
1444 1841 1623 1899 quam
1662 1820 1717 1881 si
1772 1821 1869 1880 hic
1921 1819 2030 1898 tibi
2065 1819 2189 1881 dies

73 1897 224 1959 sutis
265 1897 604 1957 ‹iocumenti
639 1897 899 1969 dederit,
961 1910 1028 1960 ut
1063 1901 1206 1962 bello
1239 1907 1319 1961 'ac
1356 1905 1497 1980 pace
1533 1900 1666 1981 pati
1701 1900 1961 1982 legitima
1998 1899 2189 1980 impe-

77 1979 178 2040 ria
220 1978 413 2057 possis.
459 1997 651 2063 quum
687 1998 764 2040 se
803 1978 972 2040 nihil
1013 1979 1250 2043 morari
1290 2003 1389 2041 ma
1440 1981 1662 2044 'strum
1705 1980 1990 2064 equitum
2030 2001 2185 2062 pro·

77 2058 466 2132 nuntiasset,
514 2056 886 2141 degressum
921 2080 1068 2122 eum
1118 2061 1383 2143 templo·
1420 2075 1599 2124 aetus
1631 2063 1917 2136 senatus,
1956 2060 2189 2122 laetior

79 2137 367 2221 populus
391 2183 408 2212 ,
453 2137 865 2215 circumfusi,
909 2160 982 2203 ac
1021 2143 1416 2224 gratulantes
1458 2141 1613 2204 hinc
1652 2142 1962 2225 magistro
2004 2141 2185 2224 equi-

79 2235 222 2282 tum
244 2261 261 2290 ‚
303 2219 458 2280 hinc
501 2218 833 2296 dictatori,
875 2223 1207 2304 prosecuti
1247 2236 1435 2284 sunt:
1496 2221 1939 2306 firmatumque
1980 2218 2186 2303 impe-

78 2300 262 2362 rium
301 2299 574 2389 militare
616 2297 787 2361 haud
825 2301 1035 2368 minus
1088 2301 1381 2398 periculo
1424 2303 1508 2394 Q.
1552 2301 1761 2375 Fabii,
1807 2323 1993 2385 quam
2032 2321 2185 2382 sup-

81 2379 292 2478 plicio
331 2381 687 2459 misembili
727 2382 1158 2446 adolescentis
1217 2383 1487 2458 Manlii,
1547 2382 1903 2448 videbatur.
1986 2383 2185 2445 Forte

81 2476 178 2523 ita
219 2479 301 2522 eo
343 2481 509 2523 anno
553 2461 805 2536 evenit,
850 2477 952 2536 ut,
997 2465 1521 2548 quotiescumque
1567 2461 1839 2544 dictator
1879 2461 1959 2524 ab
2000 2481 2187 2524 exer-

82 2543 226 2606 citu
268 2542 570 2615 recessit,
603 2541 834 2605 hostes
879 2543 949 2604 in
993 2543 1253 2620 Samnio
1294 2558 1727 2608 moverentur.
1790 2556 2076 2605 ceterum
2118 2541 2187 2602 in

83 2621 300 2686 oculis
343 2623 704 2704 exemplum
743 2637 884 2685 erat
923 2625 1006 2713 Q.
1051 2625 1293 2688 Fabius
1334 2630 1425 2686 Μ.
1470 2624 1735 2688 Valerio
1778 2623 2029 2705 legato,
2074 2621 2187 2704 qui

83 2702 318 2767 castris
361 2717 680 2784 praeerat,
725 2724 810 2787 ne
854 2725 1040 2800 quam
1079 2707 1212 2768 vim
1233 2705 1513 2768 hostium
1556 2704 1779 2786 magis,
1824 2723 2009 2787 quam
2049 2716 2187 2764 tru-

83 2805 236 2848 cem
265 2781 594 2846 dictatoris
621 2783 802 2857 iram,
847 2798 1123 2849 timeret.
1167 2792 1411 2870 ltaque,
1453 2785 1946 2866 frumentatores
1973 2803 2185 2866 quum,

85 2863 511 2928 circumventi
553 2883 632 2924 ex
673 2862 966 2942 insidiis,
1011 2867 1186 2929 caesi
1228 2868 1376 2929 loco
1420 2865 1645 2950 iniquo
1690 2878 1929 2935 essent,
1974 2861 2188 2925 credi-

85 2959 228 3005 tum
259 2944 460 3027 vulgo
504 2957 626 3017 est,
673 2944 1008 3008 subveniri
1050 2948 1148 3010 eis
1191 2948 1270 3009 ab
1313 2947 1525 3029 legato
1567 2945 1879 3028 potuisse,
1924 2943 1993 3004 ni
2033 2941 2186 3004 tris-

85 3025 182 3086 tia
223 3022 430 3086 edicta
474 3023 939 3090 exhorruisset.
1002 3049 1078 3090 ea
1121 3031 1377 3123 quoque
1420 3028 1529 3087 ira.
1558 3025 1857 3087 alienavit
1910 3045 1945 3086 a
1988 3007 2187 3084 dicta-

89 3120 240 3168 tore
277 3103 550 3166 militum
597 3105 866 3181 animos,
911 3105 1032 3186 jam
1073 3119 1220 3170 ante
1254 3107 1580 3180 infensos,
1625 3105 1799 3186 quod
1836 3102 2187 3187 inplacabi-

87 3185 178 3247 lis
233 3186 313 3281 Q.
355 3184 560 3247 Fabio
603 3183 877 3264 fuisset3
942 3202 1040 3258 et,
1085 3188 1260 3272 quod
1314 3187 1448 3248 suis
1504 3185 1807 3268 precibus
1862 3195 2185 3268 negasset,

91 3264 233 3344 eius
277 3267 515 3348 populo
557 3267 847 3329 Romano
893 3268 1140 3348 yeniam
1185 3267 1491 3331 dedisset.

333 3347 624 3408 XXXVI.
707 3349 1056 3432 Postquam
1100 3347 1407 3420 dictator,
1473 3347 1849 3429 praeposito
1904 3345 1969 3406 in
2010 3343 2187 3410 Urbe

93 3429 170 3488 L.
225 3427 487 3508 Papirio
547 3429 777 3492 Crasso
839 3430 1146 3512 magistro
1201 3429 1529 3504 equitum,
1594 3431 1675 3524 Q.
1720 3425 1935 3488 Fabio¹
1986 3425 2189 3506 yetito

92 3505 436 3590 quidquam
481 3527 604 3600 pro
647 3509 1018 3592 magistratu
1041 3503 1290 3593 'agere,
1337 3509 1405 3569 in
1436 3507 1655 3572 ‘castra
1698 3506 1931 3582 rediit3
1976 3527 2190 3590 neque

97 3587 342 3650 civibus
389 3601 540 3650 satis
577 3589 778 3650 iaetus
811 3589 1119 3654 adventus
1153 3589 1295 3669 ejus
1338 3589 1481 3662 suit,
1526 3609 1647 3651 nec
1678 3587 1973 3652 hostibus
2006 3585 2193 3669 quid-

97 3689 279 3752 quam
329 3667 556 3730 adtulit
609 3669 905 3732 terroris.
967 3691 1241 3754 namque
1300 3683 1565 3752 postero
1623 3667 1763 3740 die,
1826 3689 1939 3730 seu
1984 3665 2194 3750 ignari

97 3747 350 3811 venisse
385 3748 782 3823 dictatorem,
827 3769 964 3824 seu,
1005 3751 1269 3814 adesset
1302 3773 1381 3812 an
1414 3750 1688 3823 abesset,
1712 3747 1920 3828 ‘parvi
1949 3747 2194 3810 facien<-

96 3843 245 3902 tes„
285 3829 594 3892 instructa
635 3831 776 3892 acie
817 3831 898 3892 ad
939 3846 1143 3896 castra
1187 3845 1616 3894 accesserunt.
1705 3831 2011 3892 Ceterum
2052 3841 2195 3888 tan-

97 3923 224 3970 tum
265 3909 572 3973 momenti
617 3911 686 3973 in
725 3933 858 3975 nno
899 3913 1044 3976 viro
1103 3915 1179 3976 L.
1221 3911 1491 3994 Papirio
1534 3910 1683 3982 suit,
1762 3922 1867 3982 ut,
1904 3906 1969 4000 si
2013 3904 2193 3996 duc}⁸

101 3988 366 4056 consilia
405 3989 590 4056 favor
631 3991 1009 4059 subsecutus
1050 3993 1323 4058 militum
1364 3993 1562 4066 soret,
1606 3987 1923 4056 debellari
1966 4002 2045 4050 eo
2087 3981 2194 4048 dio

2392 3921 2521 4272 L—ss—
2516 3805 2520 3910 -,,,
