2534 4309
1722 72 1752 98 s

1991 120 2000 150 l

506 178 1115 249 Lunam.
1220 162 1821 249 civiazs.
2041 196 2176 265 129

96 370 251 432 tium
292 362 609 430 consedit.
676 364 797 431 Ubi
924 364 1287 439 umVolsci,
1331 367 1478 451 quia
1517 364 1794 429 nondum
1837 366 1914 427 ab
1939 366 2030 427 Ae
2079 364 2179 428 uis

94 450 385 511 venisset
422 446 777 519 exercitus,
910 446 1165 509 ‘micare
1222 468 1353 509 non
1381 446 1530 508 -ausi
1552 490 1569 522 ,
1655 446 2027 531 quemadmo
2074 468 2181 537 um

96 528 307 614 quieti
347 528 515 591 vallo
556 546 628 587 se
668 532 1048 599 tutarentur,
1091 540 1424 608 pararent3
1466 541 1730 609 postero
1772 526 1878 587 die
1920 527 2180 600 Fabius,
2275 529 2280 537 “

94 630 225 672 uon
264 606 648 691 permixtam
686 627 873 669 unam
912 606 1237 669 sociorum
1281 606 1663 691 civiumque,
1705 606 1823 667 sed
1844 606 2037 668 trium
2067 628 2185 702 po-

94 690 395 771 pulorum
448 700 583 749 tres
635 687 979 768 separatim
1034 686 1205 749 acies
1259 686 1428 748 circa
1481 687 1714 749 vallum
1762 686 2039 747 hostium
2083 708 2184 749 m-

96 768 353 831 srruxit.
436 769 585 848 Ipse
629 780 767 828 erat
806 764 1055 829 medius
1094 786 1237 829 cum
1277 766 1637 849 legionibus
1661 766 1986 827 Romanis.
2028 766 2184 831 inde

96 852 351 932 signum
394 846 741 909 observare
780 844 987 926 jussit,
1052 858 1123 907 ut
1162 846 1406 928 pariter
1449 860 1514 909 et
1554 846 1716 911 socii
1757 866 1894 907 rem
1936 846 2186 927 incipe-

94 942 279 1003 rent,
334 926 793 1010 referrentque
818 924 1102 1007 pedem,
1154 926 1213 986 si
1254 928 1550 1021 receptui
1593 926 1954 991 cecinisset.
1999 927 2182 1010 equi-

94 1024 192 1071 tes
240 1009 399 1069 item
436 1025 590 1067 suae
632 1006 867 1091 cuique
910 1007 1078 1088 p'arti
1130 1019 1278 1086 post
1328 1008 1648 1089 principia
1702 1007 2009 1068 conlocat.
2093 1009 2186 1087 Ita

98 1088 410 1151 trifariam
450 1084 709 1147 adortus
752 1100 953 1148 castra
994 1086 1447 1149 circumvenit:
1509 1100 1604 1161 et,
1668 1107 1860 1171 quum
1898 1084 2185 1167 undique

97 1170 389 1241 instaret,
434 1186 565 1227 nou
601 1166 997 1227 sustinentes
1040 1167 1326 1247 inpetum
1345 1167 1618 1229 Volscos
1659 1166 1822 1229 vallo
1865 1154 2179 1229 deturbat.

98 1254 571 1331 Transgressus
613 1244 769 1307 inde
808 1245 1219 1321 munitiones,
1264 1244 1557 1329 pavidam
1611 1247 1856 1307 turbam
1911 1246 2184 1313 inelina-

98 1344 353 1412 tamque
394 1327 465 1388 in
504 1338 755 1409 partem
796 1347 981 1387 unam
1002 1326 1247 1388 acastris
1290 1327 1574 1409 expellit.
1657 1322 1812 1387 Inde
1855 1324 2060 1388 effuse
2077 1326 2182 1387 fu-

98 1412 353 1493 gientes
396 1426 595 1503 eques
618 1448 635 1480 ,
697 1406 805 1467 cui
848 1426 1173 1489 ,superare
1230 1407 1460 1469 vallum
1503 1404 1671 1467 haud
1709 1405 1896 1467 facile
1949 1406 2182 1481 fuerat,

98 1510 293 1573 quum
332 1485 417 1547 ad
458 1486 527 1548 1d
578 1499 903 1567 spectator
942 1506 1192 1568 pugnae
1232 1484 1614 1561 adstitisset,
1694 1486 1906 1547 libero
1960 1506 2184 1569 campo

96 1568 390 1651 adeptus,
434 1578 635 1648 parte
661 1565 969 1629 victoriae
1008 1566 1266 1640 fruitur,
1311 1566 1572 1629 territos
1615 1564 1960 1627 caedendo.
2003 1572 2184 1649 Mag-

96 1672 173 1711 na
228 1662 296 1711 et
328 1643 421 1707 ·in
482 1645 708 1707 castris
752 1660 819 1709 et
858 1660 1035 1708 extra
1086 1647 1476 1709 munimenta
1529 1647 1758 1709 caedes
1798 1644 2186 1727 fugientium

96 1730 254 1792 fuit=
316 1723 437 1787 sed
496 1724 731 1819 praeda
791 1725 1035 1805 major3
1102 1727 1249 1810 quia
1307 1728 1412 1789 vix
1463 1748 1632 1788 arrna
1685 1744 1900 1788 secum
1943 1724 2184 1789 efferre

98 1808 303 1871 hostis
344 1818 577 1887 potuit.
660 1806 1061 1891 Deletusque
1101 1807 1420 1871 exercitus
1461 1804 1666 1880 foret,
1739 1807 1810 1868 ni
1859 1806 2186 1890 fugientes

104 1890 303 1951 silvae
343 1886 677 1948 texissent.
2183 1906 2188 1927 ⁴

256 1968 491 2028 xxm.
570 1966 740 2027 Dum
808 1964 889 2027 ad
946 1967 1205 2029 Antium
1275 1966 1440 2029 haec
1497 1978 1842 2048 geruntur,
1925 1962 2189 2027 interim

102 2047 349 2132 Aequi,
390 2046 633 2108 robore
674 2045 1025 2127 juventutis
1066 2046 1463 2129 praemisso,
1507 2060 1721 2107 arcem
1761 2045 2190 2117 Tusculanam

104 2130 169 2189 in
218 2125 441 2189 roviso
499 2138 689 2187 nocte
750 2146 819 2187 ca
870 2125 1043 2188 iunt:
1112 2127 1366 2212 reliquo
1431 2125 1725 2187 exercitu
1804 2124 1976 2186 haud
2029 2144 2186 2207 pro-

103 2230 139 2270 c
246 2204 589 2269 moenibus
606 2206 869 2268 Tuscui
907 2206 1272 2281 considunt,
1314 2220 1389 2268 ut
1427 2203 1870 2267 distenderent
1907 2205 2189 2267 hostium

102 2289 347 2369 copias.
426 2289 607 2347 Haec
646 2284 950 2349 celeriter
986 2289 1282 2360 Romam,
1323 2285 1405 2347 ab
1446 2290 1646 2347 Roma
1704 2286 1772 2345 in
1811 2298 2012 2346 castra
2053 2284 2189 2346 An-

104 2370 261 2430 tium
302 2367 577 2448 perlata,
617 2380 873 2429 movent
916 2370 1234 2429 Romanos
1277 2366 1445 2429 haud
1483 2385 1694 2440 secus,
1737 2386 1926 2448 quam
1969 2364 2026 2425 si
2067 2367 2189 2427 Ca-

148 2448 405 2511 itolium
447 2459 699 2527 captum
738 2445 1159 2529 nuntiaretur.
1203 2444 1366 2507 adeo
1407 2460 1492 2507 et·
1513 2464 1743 2507 recens
1784 2458 1921 2506 erat
1943 2448 2189 2508 Tuscu-

104 2469 397 2591 linctum
438 2524 735 2587 meritum
754 2569 771 2599 ,
830 2540 897 2588 et
934 2525 1287 2590 similitudo
1329 2527 1468 2607 ipsa
1509 2524 1786 2608 periculi
1838 2544 2192 2607 reposcere

110 2606 314 2670 datum
371 2606 677 2667 auxilium
735 2602 1091 2669 videbatur.
1198 2606 1473 2680 Fabius,
1553 2604 1808 2668 omissis
1869 2605 2190 2679 omnibus,

112 2686 409 2768 praedam
451 2706 531 2749 ex
573 2686 795 2747 castris
837 2687 1067 2769 raptim
1107 2687 1370 2749 Antium
1409 2684 1727 2748 convehit.
1799 2684 1898 2746 Ibi
1936 2684 2195 2747 modico

110 2764 439 2847 praesidio
482 2766 743 2839 relicto,
806 2767 1088 2829 citatum*
1116 2786 1342 2851 agmen
1382 2766 1724 2828 Tusculum
1775 2782 1846 2826 ra
1897 2763 1967 2826 it.
2030 2764 2196 2826 nihil

114 2861 373 2927 praeter
410 2866 607 2921 arma,
672 2846 947 2931 et.quod
986 2847 1153 2911 cocti
1192 2845 1273 2907 ad
1311 2866 1568 2907 manum
1607 2844 1734 2906 fuit
1773 2844 1832 2907 ci
1881 2844 1940 2917 i,
2011 2844 2194 2907 ferre

112 2928 295 2989 militi
362 2925 570 2987 licuit.
673 2927 1102 3001 Commeatum
1164 2926 1245 2987 ab
1307 2930 1508 2988 Roma
1569 2925 1792 2987 consul
1854 2924 2198 2989 Cornelius

114 3005 435 3069 subvehit.
516 3004 785 3088 Aliquot
822 3026 1075 3069 menses
1118 3006 1381 3070 Tusculi
1420 3005 1742 3069 bellatum.
1783 3018 1968 3087 parte
2010 3025 2196 3067 exer-

116 3086 271 3147 citus
312 3084 543 3147 consul
587 3075 787 3147 eastra
826 3088 1199 3170 Aequorum
1240 3085 1644 3169 obpugnabat
1663 3108 1682 3147 z
1785 3098 1988 3147 artem
2031 3089 2197 3147 Tus-

116 3164 357 3227 culanis
400 3162 667 3227 dederat
706 3165 785 3227 ad
823 3188 1035 3229 arcem
1093 3166 1619 3248 recuperandam.
1781 3166 1802 3227 i
1855 3186 2199 3248 numquam

118 3266 191 3307 eo
232 3244 447 3307 subiri
488 3246 717 3326 potuit.
778 3246 977 3309 fames
1066 3260 1346 3309 ostremo
1389 3246 1542 3308 inde
1595 3244 1875 3309 detraxit
1925 3245 2196 3309 hostem.

116 3327 261 3419 Quo
302 3336 643 3407 postquam
682 3340 943 3390 ventum
984 3349 1017 3389 a
1104 3342 1458 3389 extremum
1501 3340 1618 3401 est,
1673 3326 1953 3388 inermes
2010 3325 2200 3388 nudi-

116 3426 241 3489 que
280 3425 506 3467 omnes
548 3424 623 3468 su
710 3404 927 3489 jugum
968 3406 1047 3469 ab
1090 3408 1470 3474 Tusculanis
1529 3404 1728 3467 missi.
1790 3404 1948 3481 hos,
2013 3406 2036 3467 i
2127 3429 2200 3469 o-

37 3552 39 3565 ,
116 3486 383 3546 miniosa
428 3484 599 3567 fuga,
666 3504 877 3549 omum
914 3508 989 3549 se
1032 3488 1448 3568 recipientes,
1489 3488 1812 3549 Romanus
1855 3506 2053 3548 consu
2129 3488 2202 3547 in

118 3568 189 3627 A!
242 3562 349 3625 ido
393 3578 815 3639 consecutus,
896 3566 979 3629 ad
1018 3588 1213 3630 unum
1252 3586 1474 3629 omnes
1517 3564 1770 3629 occidit.
1851 3564 2082 3630 Victor
2121 3565 2204 3629 ad

119 3648 207 3707 Co
234 3664 423 3705 umen
470 3642 570 3719 (id
609 3643 754 3708 loco
795 3668 1025 3709 nomen
1067 3644 1193 3721 est)
1235 3646 1525 3709 exercitu
1565 3641 1794 3708 relicto
1843 3660 2046 3709 castra
2101 3646 2202 3707 lo-
2279 3645 2286 3654 '

124 3740 238 3788 oet.
316 3728 407 3785 Et
442 3722 611 3787 alter
651 3726 895 3801 consul,
938 3740 1274 3810 postquam
1313 3724 1648 3789 moenibus
1701 3724 1830 3819 jam
1869 3725 2202 3799 Romanis,

126 3806 303 3885 pulso
344 3802 561 3877 hoste,
603 3806 963 3884 periculum
1005 3828 1149 3869 esse
1188 3806 1504 3880 desierat,
1579 3818 1646 3867 et
1696 3825 1838 3885 ipse
1879 3804 1959 3867 ab
1997 3808 2206 3865 Roma

59 3913 70 3924 ·
126 3885 471 3979 profectus.
558 3882 647 3943 Ita
688 3884 983 3947 bifariam
1028 3886 1324 3949 'consules
1367 3884 1647 3971 ingressi
1687 3882 1964 3946 hostium
2015 3882 2203 3954 fines,

128 3962 365 4047 ingenti
408 3964 759 4031 certamine
799 3965 953 4029 hinc
989 3960 1282 4041 Volscos,
1327 3966 1478 4029 hinc
1496 3966 1754 4049 Aequos
1796 3962 2238 4053 populantia-‚2

212 4058 409 4120 fidu-'0
443 4060 489 4115 ὀ
1088 4104 1097 4110 ·
1465 4062 1476 4079 Ι
1769 4068 1812 4133 9
