2534 4309
353 158 488 252 258
725 180 1142 251 Luna
1240 182 1320 249 v.
1424 181 1679 283 cip.
1782 178 2073 269 περ.

350 367 595 432 liberos
641 368 960 451 fugerent.
1046 371 1402 452 Pa'ruinper
1438 368 1867 434 subsidiarios
1910 364 2161 435 ‘tutatus
2202 388 2307 435 est
2338 375 2455 435 'lo-

355 470 484 511 cus.
533 449 602 509 in
643 450 892 531 reliqua
935 450 1084 513 acie.
1119 452 1307 512 simul
1347 465 1446 512 est
1488 454 1746 526 elamor,
1798 450 2109 535 proximis
2154 454 2234 515 ab
2282 457 2449 531 [ato-

347 550 461 603 re,
510 529 753 591 ultimis
797 530 876 589 ab
918 538 1138 611 tergo,
1225 533 1514 605 auditus,
1605 538 1893 615 ignotum
1949 535 2202 595 hostem
2256 536 2449 617 prius

351 629 520 689 pene
563 632 750 693 quam
792 610 1107 683 viderent,
1168 633 1299 672 non
1342 612 1534 673 modo
1574 634 1703 675 non
1760 626 1998 692 tentato
2060 616 2447 689 certamine,

349 690 470 752 sed
512 710 596 751 ne
639 692 918 752 clamore
963 690 1224 773 quidem
1263 692 1544 767 reddit0,
1590 694 1829 774 integri
1869 695 2219 778 intactique
2251 695 2449 777 fuge-

350 784 517 831 runt.
563 774 699 833 Nec
743 771 870 832 ulla
913 764 1144 832 caedes
1186 772 1604 853 pugnantium
1636 775 1790 834 suit.
1836 790 2012 855 terga
2058 796 2239 836 caesa
2288 797 2447 836 suo-

275 896 290 905 .
345 864 478 913 met
531 850 820 945 ipsorum
877 852 1226 914 certamine
1292 858 1356 913 in
1394 854 1606 915 ·turha
1662 853 2128 934 inpedientium
2199 854 2445 937 fugam.

348 932 534 993 Circa
583 954 784 1013 ripam
829 931 1111 1005 Tiberis,
1156 952 1286 1016 quo
1328 935 1519 995 armis
1562 932 1829 1011 abjectis
1872 948 2071 995 totum
2104 935 2447 997 sinistrum

347 1032 550 1075 cornu
595 1012 863 1095 defugit,
907 1032 1132 1104 magna
1174 1026 1423 1095 strages
1467 1014 1627 1074 sacta
1672 1028 1804 1074 est:
1868 1015 2273 1095 multosque,
2336 1018 2443 1076 in-

311 1093 598 1173 *peritos
641 1093 838 1153 nandi
881 1105 986 1153 aut
1029 1091 1370 1171 invalidos,
1417 1114 1645 1175 graves
1686 1094 1911 1155 loricis
1973 1094 2249 1177 aliisque
2294 1112 2443 1178 teg-

345 1171 650 1247 minibus,
694 1173 968 1235 hausere
1011 1174 1323 1255 gurgites·
1384 1175 1648 1234 maxima
1706 1188 1917 1235 tamen
1978 1195 2126 1256 pars
2188 1176 2447 1236 ineolu-

345 1251 468 1313 mis
497 1251 695 1333 Veios
739 1252 1059 1345 perfugit3
1103 1254 1275 1315 unde
1318 1275 1447 1325 non
1489 1252 1679 1315 modo
1722 1253 2033 1334 praesidii
2057 1252 2433 1345 quidquam,

235 1356 246 1365 ’
345 1332 465 1395 sed
505 1353 588 1394 ne
629 1346 889 1393 nuntius
931 1329 1190 1413 quidem
1215 1333 1473 1407 cladis,
1540 1332 1951 1395 Romam-est
1982 1336 2240 1396 missus.
2326 1338 2433 1397 Ab

345 1413 575 1475 dextro
615 1432 841 1486 cornu,
887 1412 1058 1493 quod
1100 1414 1325 1494 procul
1374 1436 1409 1473 a
1453 1410 1823 1485 flumineet
1852 1416 2051 1497 magis
2073 1398 2440 1477 sub'monte

345 1508 634 1565 steterat,
678 1496 960 1567 Romam·
989 1513 1210 1554 omnes
1251 1496 1538 1576 petiere,
1607 1509 1707 1569 et,
1770 1515 1854 1557 ne
1898 1492 2129 1557 clausis
2172 1496 2437 1578 quidem

347 1574 556 1657 portis
597 1572 804 1648 urbis,
853 1572 920 1631 in
960 1591 1173 1635 arcem
1215 1574 1663 1655 confugerunt.
1784 1616 1791 1623 ·
2325 1586 2333 1591 “

510 1655 801 1714 xxxlx.
889 1652 1106 1713 Gallos
1149 1670 1403 1735 quoque
1465 1658 1639 1717 velut
1698 1654 2176 1736 obstupefactos
2238 1655 2431 1715 mira-

247 1751 254 1757 ’
345 1735 558 1799 culum
613 1733 924 1799 victoriae
981 1728 1108 1793 tani
1168 1735 1550 1813 repentinae
1610 1735 1834 1797 tenuit.
1894 1748 1961 1795 et
2018 1735 2143 1817 ipsi
2190 1738 2435 1815 pavore

347 1812 543 1877 defixi
586 1814 859 1896 primum
901 1824 1256 1888 steterunt,
1322 1814 1499 1877 velut
1539 1814 1781 1897 ignari,
1863 1815 2019 1896 quid
2058 1814 2427 1877 accidisset.

347 1895 585 1958 deinde
629 1894 895 1956 insidias
937 1893 1154 1956 vereri
1177 1914 1196 1971 3
1245 1910 1574 1975 postremo
1618 1896 2199 1975 caesorum·spolia
2242 1897 2431 1978 lege-

346 1995 460 2050 re,
501 1994 958 2056 armorumque,
991 1974 1315 2047 cumulos,
1376 1988 1445 2035 ut
1487 1996 1624 2037 mos
1670 1975 1769 2036 eis
1812 1992 1944 2047 est,
2018 1996 2425 2040 coacervare.

349 2060 512 2117 Tum
555 2054 824 2125 dennuni,
869 2068 1020 2138 post
1066 2076 1207 2115 uam
1247 2055 1412 2116 nihil
1454 2076 1717 2137 usquam
1756 2050 1995 2117 hdstile
2016 2056 2425 2128 cernebatur,

250 2163 256 2169 ·
347 2136 514 2199 viam
555 2134 854 2219 ingressi,
900 2134 1022 2195 hau
1105 2133 1303 2195 multo
1346 2148 1492 2198 ante
1534 2134 1691 2197 solis
1736 2156 2028 2197 occasum
2077 2134 2159 2195 ad
2200 2136 2433 2199 urbem

345 2218 614 2285 Romam
656 2215 1072 2297 perveniunt.
1141 2214 1253 2276 ubi
1298 2235 1487 2296 quum
1524 2216 1915 2297 praegressi.
1948 2216 2239 2297 equites,
2298 2238 2427 2277 non

347 2309 566 2383 portas
607 2294 875 2375 clausas,
918 2316 1050 2358 nou
1093 2296 1432 2357 stationem
1474 2314 1597 2377 pro
1637 2295 1845 2378 portis
1891 2295 2231 2369 excubare,
2298 2316 2429 2357 non

343 2391 620 2439 armatos
665 2394 810 2437 esse
853 2376 920 2436 in
960 2375 1202 2447 muris,
1267 2375 1641 2437 retulissent
1654 2397 1688 2453 3.
1744 2374 1917 2438 aliud
1956 2376 2167 2457 priori
2213 2376 2428 2437 simile
2531 2424 2533 2429 .

291 2456 718 2535 ‘miraculum
771 2475 885 2519 eos
937 2456 1270 2531 sustinuit3
1340 2470 1728 2539 ‘noctemque
1788 2456 1983 2517 veriti
2048 2469 2135 2516 et·
2166 2456 2427 2538 ignotae

344 2538 538 2601 situm
577 2536 753 2608 urbis
781 2578 798 2609 ‚
879 2536 1051 2600 inter
1101 2539 1370 2598 Romam
1430 2550 1619 2617 atque
1662 2536 1977 2597 Anienem
2041 2535 2424 2606 consedere,

346 2616 861 2700 exploratoribus
903 2616 1122 2679 missis
1167 2615 1338 2678 circa
1379 2615 1632 2677 moenia
1650 2616 1936 2697 aliasque
1960 2629 2202 2697 portae,
2236 2636 2425 2697 quae·-

345 2718 490 2759 nam
543 2694 837 2759 hostibus
899 2697 966 2759 in
1024 2694 1278 2779 perdita
1335 2695 1412 2757 re
1460 2694 1729 2757 consilia
1788 2710 2027 2757 essent.
2126 2696 2425 2767 Romani,

345 2798 539 2861 quum
578 2796 728 2856 pars
769 2774 974 2856 major
1014 2797 1094 2840 ex
1133 2777 1274 2845 acie
1294 2775 1492 2855 Veios
1532 2776 1806 2857 petisset
1831 2778 1915 2855 ⁴¹),
1960 2796 2153 2839 nemo
2196 2790 2429 2857 super-

345 2879 492 2921 esse
563 2876 940 2941 quemquam
991 2858 1252 2939 praeter
1306 2877 1418 2919 eos
1438 2900 1455 2929 ‚
1536 2854 1645 2938 qui
1696 2858 1960 2918 Romam
2030 2855 2425 2938 refugerant,

344 2938 666 3011 exederet,
709 2956 851 2999 eom
897 2938 1089 2999 lorati
1131 2955 1375 3009 omnes,
1420 2937 1666 3017 pariter
1703 2938 1836 2998 vivi
1879 2936 2279 3020 mortuique,
2326 2951 2427 2997 to·

343 3032 472 3087 tam
509 3036 717 3101 prope
771 3040 850 3079 ur
895 3038 995 3081 em
1035 3017 1332 3080 lamentis
1372 3006 1801 3098 inpleverunt.
1879 3016 2177 3078 Privatos
2240 3016 2427 3077 dein·

343 3099 428 3162 de
470 3100 678 3160 luctus
732 3096 1079 3182 stupefecit
1135 3095 1430 3180 publicus
1492 3118 1727 3236 pavor,
1808 3110 2149 3179 postquam
2200 3095 2425 3159 hostes

342 3176 572 3241 adesse
614 3178 964 3241 nuntiatum
1005 3194 1121 3241 est.
1182 3197 1330 3239 mox
1388 3176 1499 3238 ulu
1524 3191 1659 3239 auis
1698 3185 2047 3260 'cantusque
2100 3174 2423 3251 dissonos,

305 3298 311 3304 ·
344 3256 716 3341 vagantibus
756 3259 928 3323 cirea
972 3258 1224 3322 moenia
1278 3258 1597 3319 turmatim
1652 3255 1978 3330 barbaris,
2054 3255 2421 3326 audiebant.

341 3338 553 3401 Omne
595 3338 746 3401 inde
784 3337 1056 3423 ‘tempus
1113 3358 1463 3433 suspensos
1524 3338 1611 3399 ita
1666 3338 1875 3401 tenuit
1920 3336 2165 3398 animos
2224 3356 2427 3419 usque
2530 3380 2532 3387 ·

305 3416 422 3492 ,ad
461 3417 667 3479 lucem
708 3420 1033 3496 alteram,·
1092 3432 1162 3480 ut
1219 3417 1588 3481 idemtidem
1629 3416 1754 3497 jam
1796 3417 1865 3477 in
1906 3416 2135 3479 urbem
2173 3415 2427 3480 futurus

343 3495 672 3560 videretur
715 3498 972 3580 inpetus
1013 3496 1223 3581 primo
1263 3497 1557 3571 adventu,
1605 3517 1731 3578 quo
1776 3511 2186 3559 accesserant
2210 3498 2291 3559 ad
2314 3518 2427 3558 ur-

340 3578 506 3641 bem.
550 3584 880 3642 mansuros
925 3582 1099 3643 enim
1137 3578 1216 3641 ab
1261 3580 1489 3641 Alliam
1528 3576 1763 3651 fuisse,
1825 3578 1955 3641 nisi
1994 3576 2119 3639 hoc
2163 3577 2427 3640 consilii
2531 3610 2532 3629 ÷

340 3657 547 3721 foret.-
617 3655 874 3733 Deinde
915 3661 1030 3724 sub
1073 3662 1365 3731 oceasum
1406 3658 1583 3731 solis,
1629 3658 1777 3741 quia
1818 3656 1986 3737 haud
2006 3658 2271 3719 multum
2289 3656 2431 3719 diei

339 3751 694 3818 supererat,
741 3752 886 3802 ante
928 3753 1182 3802 noctem
1222 3740 1344 3820 rati
1385 3760 1459 3802 se
1486 3739 1856 3816 invasuros;
1901 3752 2033 3799 tum
2068 3736 2139 3797 in
2164 3751 2431 3801 noctem

342 3815 601 3879 dilatum
665 3813 1002 3888 consilium
1071 3838 1250 3891 esse,
1286 3827 1295 3843 ‘
1334 3842 1461 3903 quo
1524 3818 1667 3901 plus
1740 3817 2001 3901 pavoris
2071 3816 2427 3895 inferrent.

341 3899 678 3959 Postremo
719 3897 825 3961 lux
870 3899 1394 3982 ad‘pwpinquans
1432 3900 1835 3991 exanimare:
1878 3896 2225 3981 timorique
2267 3919 2427 3982 per-

403 4031 456 4094 0)
491 4036 706 4088 »citimi
744 4031 913 4114 Gron.
951 4034 1108 4095 Crev.
