2534 4309
316 147 455 227 248
670 106 1084 217 L¹.BER
1182 148 1305 217 111.
1407 147 1669 254 Car.
1775 140 1882 223 46.
1945 153 2053 234 ¹¹⁸7·

308 340 577 403 fiatrem
596 338 764 403 Icilii
808 335 1143 421 filiumque
1178 336 1552 412 Numitorii,
1597 335 1892 419 inpigros
1928 336 2216 409 ‘ui-enea,
2261 356 2422 418 per-

308 439 468 505 gere
510 417 665 481 inde
707 432 887 481 recta
928 416 1009 477 ad
1050 430 1339 499 portam,
1383 432 1468 493 et,
1515 431 1817 501 quantum
1857 439 1891 477 a
1939 416 2215 480 celerari
2255 438 2424 498 pos-

304 514 443 573 set,
486 494 860 595 Virginium
901 496 1105 559 adciri
1148 518 1185 559 e
1230 497 1485 561 castris.
1566 500 1638 559 In
1679 518 1761 560 eo
1801 499 1969 560 verti
2009 499 2270 581 puellae
2311 519 2424 561 sa-

202 592 222 615 ·
304 582 538 653 lutern,
583 602 640 642 si
681 592 949 662 postero
992 577 1099 641 die
1140 576 1377 643 vindex
1420 578 1694 657 injuriae
1737 577 1818 639 ad
1856 592 2106 659 tempus
2150 588 2424 661 praesto

304 674 501 725 esset.
585 660 1112 741 Jussi„pergunt‚
1178 658 1522 742 citatisque
1576 659 1764 742 equis
1826 662 2122 721 nuntium
2179 656 2258 718 ad
2299 678 2422 751 pa-

302 751 471 804 trem
512 740 878 823 perferunt.
936 740 1149 833 Quum
1192 739 1462 802 instaret
1501 738 1797 802 adsertor
1837 742 2115 821 puellae,
2159 752 2231 799 ut
2268 759 2422 817 ving-

304 820 572 896 dicaret,
618 840 1103 905 sponsoresque
1148 817 1369 897 daret3
1425 832 1614 903 atque
1657 818 1725 881 id
1765 818 1975 901 ipsum
2017 820 2120 901 agi
2164 818 2422 880 diceret

302 901 560 977 Icilius,
621 900 847 963 sedulo
908 914 1159 982 tempus
1216 914 1480 973 terens,
1559 898 1712 961 dum
1766 900 2225 981 praeciperent
2281 898 2424 960 iter

300 981 525 1051 nuntii,
556 980 741 1045 missi
780 981 849 1042 in
890 993 1135 1043 castra:
1178 1001 1401 1043 manus
1442 981 1678 1043 tollere
1721 980 2004 1065 undique
2045 978 2414 1053 multitudo,

302 1076 373 1125 et
412 1082 487 1126 se
586 1062 687 1125 uis
736 1084 815 1125 ue
856 1074 1148 1157 paratum
1200 1059 1282 1121 ad
1321 1060 1770 1143 spondendum
1809 1063 1995 1123 Icilio
2038 1058 2416 1123 ostendere.

298 1144 513 1228 Atque
556 1167 579 1203 1
608 1144 671 1205 le
740 1139 1255 1215 acrlmabundus‚
1299 1140 1552 1201 Gratum
1589 1151 1691 1213 cst,
1735 1141 1977 1226 inquit3
2021 1141 2272 1201 crastina
2311 1140 2420 1200 die

299 1234 490 1285 aesc-a
528 1242 707 1303 opera
750 1234 902 1283 utar.
962 1242 1308 1303 sponsorum
1347 1242 1503 1281 nunc
1555 1222 1832 1282 εαιίεέεε.
1917 1226 2006 1284 lta
2048 1220 2420 1285 vindicatur

298 1301 636 1385 Virginis,
695 1302 1167 1385 spondentibus
1210 1302 1634 1397 propinquis..
1699 1302 1988 1384 Appius,
2049 1302 2418 1385 paullisper

294 1396 603 1459 moratus,
647 1403 730 1447 ne
776 1380 914 1461 ejus
944 1383 1045 1445 rei
1087 1404 1310 1445 caussa
1351 1381 1604 1447 sedisse
1645 1382 2000 1457 videretur,
2044 1396 2412 1465 postquam,

298 1464 562 1529 omissis
602 1463 799 1525 rebus
824 1463 971 1524 aliis
1004 1484 1160 1545 prae
1196 1482 1346 1525 cura
1371 1466 1583 1539 unius,
1648 1482 1840 1527 nemo
1872 1464 2108 1537 adibat,
2151 1462 2418 1527 domum

299 1546 375 1608 s'e
416 1543 705 1627 recepit3
752 1543 1155 1627 collegisque
1190 1543 1260 1604 in
1291 1557 1499 1607 castra
1539 1543 1789 1615 scribit,
1831 1566 1906 1604 ne
1941 1544 2213 1621 Virginio
2241 1560 2418 1605 com-

299 1634 558 1687 meatum
598 1626 772 1696 dent,
834 1634 1006 1702 atque
1042 1624 1221 1683 etiam
1276 1624 1340 1684 in
1387 1624 1652 1685 custodia
1707 1626 1974 1685 habeant.
2056 1622 2416 1705 Inprobum

297 1704 644 1767 consilium
670 1722 911 1778 serum,
954 1716 1025 1765 ut
1054 1702 1299 1780 debuit,
1341 1702 1504 1766 fuit:
1549 1719 1617 1767 et
1645 1702 1770 1784 jam
1806 1718 2163 1768 commeatu
2197 1719 2414 1766 sumto

296 1772 631 1866 profectus
664 1778 1005 1867 Virginius
1046 1784 1257 1866 prima
1299 1783 1361 1847 vi
1413 1786 1520 1845 ilia
1553 1798 1712 1859 erat,
1758 1806 1950 1869 quum
2037 1797 2256 1847 ostero
2299 1783 2414 1848 die

294 1885 487 1928 mane
526 1865 611 1927 de
652 1862 1001 1927 retinendo
1044 1885 1126 1927 eo
1167 1863 1367 1960 neq-ui
1457 1886 1600 1927 uam
1639 1864 1866 1927 literae
1909 1886 1986 1927 re
2033 1865 2292 1928 duntur.

459 1945 721 2010 XLVII.
762 1947 851 2008 At
880 1946 949 2007 in
991 1944 1152 2007 urbe
1192 1888 1598 2028 primaiucffi
1645 1967 1836 2029 quum
1877 1947 2102 2009 civitas
2148 1946 2214 2007 in
2255 1944 2412 2007 foro

296 2025 781 2111 exspectatione
837 2038 1056 2087 erecta
1109 2038 1345 2102 staret,
1407 2027 1742 2109 Virginius
1801 2026 2162 2090 sordidatus
2205 2024 2409 2087 filiam

295 2128 475 2177 suam
519 2107 815 2170 obsoleta
856 2120 1061 2180 veste,
1106 2107 1562 2170 comitantibus
1603 2108 1848 2203 aliquot
1885 2108 2218 2181 mati-onis,
2261 2126 2410 2169 cum

294 2188 547 2275 ingenti
612 2186 1033 2249 advocatione
1098 2186 1169 2247 in
1232 2186 1446 2250 forum
1507 2185 1792 2254 deducit.
1891 2189 2248 2251 Circumire
2309 2185 2410 2248 ibi

294 2280 367 2331 ot
402 2275 743 2352 prensare·
760 2266 1055 2329 homines
1096 2267 1358 2347 coepit;
1421 2282 1486 2331 et
1526 2289 1658 2331 non
1697 2288 1884 2333 orare
1929 2270 2133 2331 solum
2175 2288 2410 2350 preca-

294 2349 460 2430 riam
500 2370 725 2442 opem,
783 2346 901 2411 sed
940 2367 1063 2441 pro
1104 2347 1324 2411 debita
1377 2364 1644 2431 petere,
1703 2351 1782 2411 Se
1819 2370 1930 2443 pro
1971 2349 2164 2409 liber-is
2199 2368 2410 2421 eorum

293 2450 371 2491 ac
406 2430 749 2515 conjugibus
804 2430 1065 2507 quotidw
1125 2428 1191 2487 in
1224 2428 1356 2497 acie
1403 2441 1555 2491 stare
1576 2456 1593 2489 .·
1659 2450 1764 2491 nec
1799 2431 1984 2489 altum
2037 2430 2228 2489 vix-tim
2267 2448 2408 2501 esse,
2489 2448 2521 2465 -·

294 2513 461 2587 cujus
494 2520 725 2571 strenus
778 2528 849 2569 ac
869 2508 1161 2587 ferociter
1181 2510 1359 2587 facta
1399 2510 1462 2569 in
1513 2510 1660 2570 bello
1701 2512 1876 2590 plura
1917 2508 2235 2569 memorari
2267 2530 2409 2588 pos-

293 2600 438 2652 sent.
523 2588 691 2667 Quid
726 2590 1030 2667 prodesse,
1072 2587 1157 2658 si,
1202 2588 1487 2651 incolumi
1525 2591 1692 2661 urbe,
1736 2611 1913 2669 quae,
1955 2600 2146 2669 capta,
2193 2588 2408 2649 ultima

295 2670 647 2739 timeantur,
711 2668 904 2729 libertis
942 2669 1059 2729 sutis
1108 2668 1224 2729 sint
1258 2667 1594 2763 patienda?s
1659 2674 1840 2733 Haec
1891 2690 2099 2753 prope
2141 2669 2410 2732 concio-

297 2750 635 2813 nabundus
679 2748 1062 2811 circumibat
1098 2746 1416 2812 hommes.
1491 2751 1741 2814 Similia
1779 2750 1882 2813 his
1927 2750 2004 2812 ab
2047 2750 2229 2812 Icilio
2269 2747 2406 2829 jac-

294 2832 620 2893 tabantur.
665 2830 999 2893 comitatus
1030 2828 1363 2891 muliebris
1408 2831 1554 2912 plus
1595 2832 1792 2895 tacito
1821 2829 2001 2904 fletu,
2047 2852 2232 2915 quam
2272 2831 2408 2891 ulla

297 2932 447 2987 vox,
506 2910 823 2973 movebat.
919 2907 1251 2973 Adversus
1316 2932 1475 2995 quae
1537 2913 1750 2975 omnia
1810 2910 2130 2977 obstinato
2189 2912 2410 2973 animo

296 2991 551 3074 Appius
613 2988 816 3067 (tanta
855 2990 956 3053 vis
999 2990 1313 3052 amentiae
1354 2992 1610 3065 verius,
1673 3004 1860 3077 quain
1899 2991 2169 3066 amoris,
2221 3011 2412 3053 men-

185 3113 193 3121 ·
298 3086 433 3134 tem
474 3070 870 3149 turbaverat)
934 3070 1003 3132 in
1044 3069 1329 3133 tribunal
1361 3072 1664 3136 escendit
1699 3072 1806 3167 *)3
1869 3088 1967 3148 et,
2030 3074 2201 3134 ultro
2245 3093 2408 3155 que-

296 3165 491 3214 rente
532 3173 735 3235 pauca
775 3152 1057 3234 petitore
1076 3194 1097 3225 ,
1156 3152 1316 3230 quod
1357 3156 1457 3228 jus
1489 3155 1604 3213 sibi
1637 3155 1833 3234 pridie
1882 3173 1988 3233 per
2025 3152 2412 3212 ambitionem

298 3232 534 3293 dictum
570 3254 693 3293 non
731 3242 901 3303 esset,
963 3230 1336 3316 priusquam
1395 3247 1502 3295 aut
1542 3234 1656 3297 ille
1697 3234 2090 3316 postulatum
2129 3252 2406 3329 perage-

300 3325 429 3385 ret,
474 3326 584 3375 aut
622 3311 929 3394 Virginio
973 3310 1417 3394 respondendi
1463 3312 1724 3377 daretur
1762 3315 1966 3386 locus,
2009 3313 2260 3395 Appius
2301 3334 2408 3375 in-

299 3390 604 3458 terfatur.
688 3390 900 3482 Quem
942 3392 1209 3457 decreto
1252 3414 1618 3457 sermonem
1658 3395 2134 3477 praetenderit,
2161 3394 2410 3479 ,forsan

301 3471 584 3559 aliquem
634 3490 861 3535 verum
910 3486 1225 3537 auctores.
1269 3475 1519 3559 antiqui
1571 3474 1980 3539 tradiderint.
2087 3475 2194 3537 uia
2249 3496 2407 3537 nus·

300 3558 493 3639 quam
532 3552 731 3615 ullum
786 3552 855 3615 in
892 3566 1067 3617 tanta
1118 3552 1432 3623 foeditate
1476 3554 1724 3620 decreti
1762 3555 2055 3619 verisimi
2079 3574 2182 3617 em
2223 3554 2408 3617 inve-

192 3669 197 3677 ·
300 3633 457 3712 ni03
500 3632 588 3708 id,
634 3630 808 3717 quod
848 3647 1117 3707 constat,
1158 3635 1400 3697 nudum
1439 3635 1695 3701 videtur
1733 3634 2246 3719 proponendum,
2289 3634 2410 3697 de-

301 3734 526 3777 cresse
588 3710 903 3777 vindicias
980 3715 1334 3779 secundum
1391 3716 1788 3787 servitutem.
1891 3716 2116 3781 Primo
2176 3731 2411 3799 stupor

304 3814 531 3855 omnes
568 3791 991 3857 admiratione
1021 3795 1123 3858 rei
1162 3808 1294 3859 tam
1323 3798 1562 3865 atrocis
1595 3794 1838 3861 defixit.
1881 3795 2210 3863 silentium
2250 3794 2410 3861 inde

364 3958 425 4031 ⁴)
458 3964 687 4017 aseendit
719 3960 895 4023 Gron.
933 3950 1091 4026 cm,
