2534 4309
450 134 509 209 L
558 154 581 199 ι
634 161 671 207 n
723 160 765 209 a
812 158 860 209 u
950 140 1081 209 111.
1150 136 1239 210 ,C
1286 156 1330 207 Α
1383 158 1472 211 r..
1543 131 1657 204 55.
1717 133 1834 205 56.
2049 133 2182 221 ¹59

84 340 273 411 gunt.
320 324 447 391 Ars
485 322 646 405 haec
684 336 842 398 erat,
886 344 973 387 ne
1015 326 1221 391 semet
1258 324 1406 409 ipse
1444 343 1671 390 creare
1711 337 1974 409 possen
2019 323 2193 409 quod

82 419 362 491 praeter
397 406 701 471 tribunos
751 402 965 501 plebis
1021 406 1118 485 (et
1159 404 1229 467 id
1270 406 1480 489 ipsum
1532 403 1820 491 pessin’no
1863 402 2190 487 exemplo)

83 508 281 551 nemo
326 508 625 572 umquam
664 484 945 551 fecisset.
1030 488 1147 550 Ille
1189 486 1561 562 enimvero,
1595 484 1793 573 ‚quod
1831 484 2002 549 bene
2040 506 2188 561 yer-

80 583 207 643 tat,
268 566 643 629 habiturum
682 587 754 631 se
794 565 1051 629 comitia
1088 566 1454 661 professus,
1517 564 2024 651 inpedimentum
2065 586 2190 647 pro
2377 574 2404 607 ⁸

86 649 439 712 occasione
508 645 805 728 arripuit.
878 644 1284 731 dejectisque
1345 647 1600 709 honore
1657 666 1780 731 per
1839 644 2187 708 coitionem

85 728 345 795 duobus
402 727 745 823 Quinctiis,
807 727 1176 811 Capitolino
1238 740 1307 789 et
1358 726 1778 801 Cincinnato,
1841 740 1907 793 et
1959 739 2187 807 patruo

78 830 197 872 suo
239 812 319 873 C.
356 806 645 882 Claudio,
688 808 1207 871 constantissimo
1247 807 1486 871 viroin
1518 806 1912 892 optimatium
1945 827 2185 880 caussa,

80 904 147 951 et
198 889 353 951 aliis
406 886 695 969 ejusdem
743 886 986 969 fastigii
1032 887 1320 960 civibus,
1379 908 1778 973 nequaquam
1835 883 2187 969 splendore

80 970 251 1034 vitae
352 989 499 1029 ares
542 966 940 1032 decemviros
983 982 1201 1031 creat:
1261 988 1335 1035 se
1380 968 1450 1030 in
1489 967 1721 1053 primis
1744 1011 1762 1041 ‚
1808 964 1978 1049 quod
2017 962 2186 1027 haud
2265 1004 2278 1015 -

84 1070 269 1113 secus
346 1063 557 1111 actum
596 1046 1029 1131 inprobabant
1064 1048 1243 1122 boni,
1290 1069 1474 1131 quam
1513 1066 1703 1109 nemo
1744 1047 1961 1109 facere
2003 1066 2185 1107 ausu-

82 1152 221 1193 rum
263 1126 660 1193 crediderat.
706 1126 923 1193 Creati
950 1148 1107 1193 -cum
1148 1147 1227 1191 eo
1267 1134 1358 1193 M.
1399 1128 1744 1198 Cornelius
1785 1126 2186 1209 Maluginen-

84 1209 207 1285 sis,
277 1214 377 1275 Μ.
422 1207 713 1289 Sergius,
755 1211 831 1270 L.
874 1207 1230 1282 Minucius,
1277 1210 1358 1302 Q.
1399 1206 1637 1274 Fabius
1677 1206 2061 1279 Vibulanus,¹
2098 1206 2182 1301 Q·

84 1290 461 1363 Poetelius,
522 1290 604 1351 T.
646 1286 965 1353 Antonius
1005 1286 1357 1365 Merenda,
1407 1289 1492 1353 R.
1531 1286 1824 1364 Duilius,
1885 1286 2000 1371 Sp.
2047 1286 2184 1375 Op·-

86 1370 227 1453 pins
271 1367 633 1441 Cornicen,
674 1370 780 1429 M’.
822 1366 1191 1449 Rabuleius.
1739 1420 1758 1440 ,

232 1448 543 1513 xxxw.
620 1446 740 1511 Ille
782 1442 930 1513 finis
969 1448 1186 1545 Appio
1227 1448 1478 1516 alienae
1517 1466 1836 1531 personae
1876 1445 2186 1511 ferendae

84 1526 221 1592 fuit.
270 1549 402 1593 suo
444 1526 570 1609 jam
612 1525 767 1589 inde
805 1526 1026 1591 vivere
1068 1530 1337 1612 ingenio
1379 1527 1630 1615 coepit,
1673 1546 2008 1613 novosque
2050 1526 2185 1595 col-

80 1608 255 1693 legas
294 1609 433 1691 jam
470 1607 689 1689 prius,
746 1626 929 1691 quam
968 1608 1215 1671 inirent
1248 1608 1703 1691 magistratum,
1747 1606 1816 1669 in
1857 1627 2006 1671 suos
2047 1628 2184 1668 mo-

80 1710 183 1753 res
251 1690 569 1753 formare.
649 1685 959 1831 {gptidie
1019 1688 1282 1753 coibant
1329 1687 1598 1753 remotis
1653 1687 1952 1751 arbitris:
2031 1686 2184 1750 inde

84 1768 537 1851 inpotentibus
579 1767 681 1829 ins
788 1768 873 1831 cti
914 1768 1226 1841 consiliis,
1272 1789 1434 1855 quae
1474 1781 1730 1831 secreto
1769 1766 1850 1829 ab
1894 1766 2036 1827 aliis
2076 1788 2184 1831 co-

88 1850 405 1933 quebant,
448 1848 573 1927 jam
613 1845 783 1913 haud
827 1846 1287 1911 dissimulando
1330 1846 1717 1932 superbiam,
1777 1846 1910 1909 rari
1951 1847 2180 1921 aditus,

84 1928 631 2014 conloquentibus
694 1924 1029 2004 difficiles,
1112 1928 1193 1991 ad
1248 1928 1400 1991 Idus
1473 1926 1674 2007 Maias
1793 1939 1866 2001 U.
1901 1958 1951 1999 c.
1989 1942 2110 2005 304.

84 2030 220 2075 rem
262 2006 657 2092 perduxere.
720 2006 869 2071 Idus
909 2022 1041 2075 tum
1080 2008 1286 2090 Maiae
1329 2008 1679 2072 sollemnes
1797 2028 1848 2071 a.
1888 2009 1953 2069 C.
1993 2010 2112 2072 41·ss-

85 2088 395 2153 ineundis
457 2088 927 2171 magistratibus
982 2102 1184 2151 erant.
1279 2090 1474 2152 Initio
1527 2088 1728 2171 igitur
1774 2088 2185 2169 magistratus

82 2169 367 2251 primum
403 2167 678 2235 honoris
720 2166 889 2231 diem
931 2166 1408 2235 denuntiatione
1449 2167 1730 2251 ingentis
1768 2166 2040 2230 terroris
2081 2164 2181 2227 in-

82 2250 341 2333 signem
380 2248 624 2311 fecere.
680 2270 827 2309 nam
952 2270 1071 2311 um.
1112 2250 1198 2311 ita
1239 2251 1498 2332 priores
1541 2246 1894 2313 decemviri
1933 2265 2182 2313 servas-

86 2343 268 2405 sent,
336 2343 413 2391 nt
450 2348 617 2391 unus
655 2326 866 2393 fasces
952 2328 1205 2404 aberet,
1251 2344 1320 2393 et
1355 2329 1481 2393 hoc
1521 2328 1776 2411 insigne
1817 2326 2071 2410 regium
2111 2326 2182 2387 in

88 2410 317 2477 orbem
338 2452 359 2483 ,
420 2430 600 2475 suam
648 2406 957 2493 cujusque
996 2409 1235 2484 vicem,
1298 2431 1421 2492 per
1478 2428 1700 2473 omnes
1742 2407 1904 2482 iret,
1967 2405 2182 2471 subito

90 2510 323 2556 omnes
365 2508 509 2551 cum
551 2486 867 2553 duodenis
908 2488 1189 2552 fascibus
1226 2488 1556 2575 prodiere.
1639 2488 1909 2550 Centum
1949 2486 2183 2571 viginti

84 2568 359 2632 lictores
400 2568 617 2630 forum
656 2568 1095 2652 inpleverant,
1156 2583 1223 2633 et
1261 2568 1542 2633 fascibus
1585 2587 1846 2632 secures
1887 2567 2182 2650 inligatas

86 2646 565 2729 praeferebant.
627 2668 753 2713 nec
805 2649 1155 2713 adtinuisse
1199 2647 1372 2715 demi
1428 2649 1738 2724 securim,
1889 2670 1996 2708 um
2039 2646 2184 2709 sine

86 2730 547 2810 provocatione
590 2728 789 2791 creati
830 2743 1067 2805 essent,
1110 2730 1718 2813 interpretabantur.
1856 2748 2031 2790 ecem
2074 2747 2185 2787 re·

86 2828 235 2891 gum
286 2809 552 2891 species
611 2822 783 2883 erat,
844 2809 1430 2896 multiplicatusque
1489 2823 1704 2873 terror
1751 2830 1882 2871 non
1942 2804 2182 2868 infimis

88 2892 333 2963 solum,
384 2887 506 2952 sed
544 2888 938 2971 primoribus
978 2894 1273 2966 Patrum,
1337 2891 1493 2953 ratis
1535 2887 1748 2954 caedis
1791 2908 2070 2951 caussam
2109 2904 2184 2947 ac

88 2969 487 3051 principium
529 2970 791 3053 quaeri3
844 2984 945 3047 ut,
1010 2971 1069 3033 si
1109 2972 1251 3055 quis
1303 2990 1652 3033 memorem
1707 2968 2025 3039 libertatis
2065 2987 2181 3029 vo-

89 3070 229 3111 cem
269 3062 383 3112 aut
420 3046 491 3109 in
531 3062 763 3133 senatu
796 3064 905 3113 aut
941 3051 1011 3115 in
1049 3052 1294 3136 populo
1334 3050 1650 3123 misisset,
1714 3049 1924 3112 statim
1963 3048 2185 3130 virgae

92 3148 487 3213 securesque
562 3128 755 3193 etiam
834 3129 915 3192 ad
975 3144 1339 3194 ceterorum
1405 3145 1644 3193 metum
1699 3128 2178 3212 expedirentur.

88 3211 285 3285 Nam,
345 3220 797 3294 praeterquam
838 3209 1015 3297 quod
1054 3212 1123 3273 in
1161 3212 1410 3294 populo
1449 3208 1630 3272 mihil
1674 3224 1812 3273 erat
1849 3206 2180 3291 praesidii,

90 3290 333 3351 sublata
389 3287 885 3370 provocatione,
966 3291 1500 3355 intercessionem
1641 3301 1678 3353 o
1727 3310 1806 3352 ue
1864 3304 2183 3354 consensu

90 3370 519 3431 sustulerantt
580 3390 773 3454 quum
810 3370 1066 3454 priores
1120 3370 1472 3455 decemyiri
1511 3395 1546 3435 a
1589 3312 1940 3455 pellatione
1985 3370 2184 3431 colle-

86 3468 207 3531 gae
258 3448 506 3545 corrigi
562 3446 812 3515 reddita
863 3450 943 3515 ab
995 3472 1068 3517 se
1120 3450 1261 3532 jura
1313 3453 1615 3515 tulissent
1634 3474 1655 3532 3
1707 3462 1802 3513 ‘et
1856 3447 2182 3535 quaedam,

136 3546 257 3592 uae
298 3528 403 3591 sui
440 3527 672 3625 judicii
710 3529 923 3593 videri
960 3546 1260 3615 possent,
1305 3533 1386 3595 ad
1424 3536 1734 3617 populum
1771 3529 2182 3617 rejecissent,

88 3552 505 3695 aliquamdiu
542 3614 843 3709 aequatus
886 3612 1057 3675 inter
1099 3633 1322 3678 omnes
1380 3628 1596 3677 terror
1635 3613 1799 3677 fuit=
1859 3608 2187 3703 paullatim

90 3702 261 3753 totns
317 3702 581 3754 vertere
637 3714 707 3754 m
756 3691 1019 3773 plebem
1058 3694 1300 3779 coepit.
1382 3694 1843 3757 Abstinebatur
1895 3714 1932 3752 a
1972 3694 2184 3752 Patri-

93 3768 248 3833 bus:
294 3768 365 3831 in
388 3768 773 3836 humiliores
803 3772 1155 3838 libidinose
1194 3772 1673 3858 crudeliterque
1701 3770 2182 3836 consulebaturt

94 3848 439 3929 hominum,
486 3871 618 3914 non
656 3872 1055 3929 caussarum,
1098 3854 1219 3917 toti
1262 3868 1475 3917 erant:
1513 3868 1588 3917 ut
1629 3877 1662 3914 a
1711 3850 1798 3915 ud
1837 3872 1998 3937 quos
2039 3868 2182 3932 gra-

94 3931 177 3993 tia
214 3930 347 3995 vim
388 3930 583 4015 aequi
620 3928 907 3997 haberet.
966 3930 1217 3998 Judicia
1258 3934 1432 3997 domi
1474 3931 1678 3997 confla
1725 3944 1856 4009 ant,
1898 3946 2185 4013 pronun·
