2534 4309
349 134 479 206 ¹¹4
776 123 1964 198 .L113211111.CAP.5.

334 326 539 378 eastra
577 312 677 377 vis
720 310 933 380 fieret.
1014 308 1282 377 Furium
1321 312 1602 397 legatum
1645 314 1880 393 (frater
1919 310 2090 377 idem
2141 314 2430 379 consulis

334 394 499 469 erat)
562 394 821 477 longius
874 396 1101 457 extulit
1165 415 1430 458 cursus:
1495 414 1620 458 nec
1681 417 1832 459 suos
1887 397 2000 459 ille
2057 397 2430 469 redeuntes,

330 475 770 571 persequendi
826 475 1071 550 stadie,
1138 492 1352 559 neque
1408 474 1686 537 hostium
1741 478 1821 538 ab
1877 482 2062 559 tergo
2107 476 2438 539 incursum

332 555 511 618 vidit.
559 568 647 617 ita
690 557 1007 631 exclusus,
1050 555 1266 619 multis
1309 576 1506 637 saepe
1539 556 1776 619 frustra
1819 556 2156 620 conatibus
2201 558 2432 637 captis,

330 652 399 697 ut
437 638 605 699 viam
647 635 777 697 sibi
829 635 908 695 ad
952 650 1157 699 castra
1184 636 1476 711 faceret,
1539 638 1777 699 acriter
1819 637 2127 698 dimicans
2170 638 2432 697 cecidit.

328 718 415 777 Et
454 716 698 789 consul,
743 718 971 778 nuntio
1016 714 1440 779 circumventi
1480 715 1701 780 fratris·
1752 736 2107 795 conversus
2147 717 2226 776 ad
2267 738 2433 799 pug-

328 818 505 869 nam,
566 796 715 857 dum
754 817 825 857 se
868 811 1113 859 temere
1155 796 1355 879 magis
1381 838 1398 869 ‚
1457 818 1644 879 quam
1697 798 1850 860 satis
1893 811 2114 869 caute,
2181 797 2248 857 iu
2291 818 2433 857 me-

218 918 223 939 ,
325 877 493 938 diam
538 875 1009 940 dimicationem
1036 877 1255 951 insert,
1305 876 1568 939 vulnere
1613 894 1899 960 accepto,
1943 898 2138 961 aegre
2179 876 2259 937 ab
2299 877 2433 937 cir-

326 958 779 1020 cumstantibus
823 972 1119 1039 ereptuS,
1166 972 1231 1019 et
1269 972 1532 1036 suorum
1573 959 1816 1020 animos
1859 958 2178 1030 turbavit,
2223 972 2285 1019 et
2327 957 2431 1018 fe-

322 1038 613 1100 rociores
664 1038 885 1099 hostes
928 1040 1107 1101 fecit.
1152 1038 1297 1121 qui,
1357 1037 1553 1101 caede
1607 1036 1804 1121 legati
1845 1052 1911 1099 ct
1963 1038 2244 1113 consulis
2285 1038 2430 1099 vul-

320 1139 479 1179 nere
523 1118 801 1191 accensi,
844 1120 1015 1181 nulla
1058 1118 1294 1180 deinde
1336 1116 1402 1180 vi
1442 1120 1753 1181 sustineri
1792 1133 2090 1200 potuere,
2135 1140 2324 1201 quum
2357 1118 2425 1195 ¹⁸²)

322 1199 639 1280 compulsi
679 1198 748 1258 in
778 1214 979 1260 castra
1023 1198 1297 1262 Romani
1329 1216 1551 1259 rursus
1593 1196 2072 1272 obsiderentur,
2116 1218 2236 1259 nec
2275 1220 2428 1279 spe,

320 1300 443 1341 nec
484 1278 733 1343 viribus
773 1300 987 1360 pares.
1064 1280 1476 1361 venissetque
1521 1280 1588 1339 in
1634 1276 1992 1361 periculum
2033 1296 2272 1339 summa
2315 1300 2426 1339 re-

318 1380 481 1433 rum,
524 1360 594 1419 ni
635 1364 717 1419 T.
742 1361 1083 1453 Quinctius
1174 1360 1494 1440 eregrinis
1525 1360 1754 1441 copiis,
1799 1380 1941 1421 cum
1973 1360 2208 1421 Latino
2249 1361 2426 1420 Her-

316 1440 597 1524 nicoque
653 1437 981 1515 exercitu,
1055 1460 1131 1500 su
1178 1440 1485 1503 venisset.
1585 1444 1680 1515 la,
1743 1442 2027 1503 intentos
2087 1441 2157 1500 in
2215 1456 2428 1501 castra

316 1524 601 1581 Romana
642 1520 904 1602 Aequos
944 1521 1272 1603 legatique
1313 1534 1504 1603 caput
1541 1520 1855 1583 ferociter
1897 1530 2292 1583 ostentantes
2337 1520 2424 1581 ab

314 1614 503 1683 tergo
545 1596 847 1676 adortus,
904 1600 1097 1661 simul
1148 1600 1230 1661 ad
1269 1601 1522 1683 signum
1578 1622 1611 1661 a
1671 1622 1743 1662 se
1771 1600 2012 1682 ‘procul
2055 1599 2296 1662 editum
2340 1622 2426 1662 ex

315 1680 544 1742 castris
587 1680 931 1765 eruptione
971 1680 1169 1755 facta,
1224 1698 1324 1741 ma
1373 1702 1516 1742 nam
1554 1682 1684 1743 vim
1739 1681 2016 1743 hostium
2059 1681 2422 1757 circumve·

312 1760 431 1821 nit.
512 1760 731 1823 Minor
772 1760 1023 1836 caedes,
1056 1760 1218 1843 'fuga
1261 1782 1300 1823 e
1355 1760 1536 1823 usior
1572 1764 1943 1845 Aequorum
1985 1762 2052 1821 in
2095 1782 2252 1843 agro
2289 1761 2422 1823 suit

312 1844 623 1903 Romano.
682 1839 752 1901 in
793 1838 957 1926 quos
1001 1841 1280 1923 palatae,
1345 1840 1646 1923 praedam
1687 1854 1984 1925 agentes,
2045 1842 2420 1904 Postumius

312 1921 559 2004 aliquot
597 1922 781 1996 locis,
828 1922 1060 2005 quibus
1104 1936 1468 2017 opportuna
1511 1921 1884 2004 inposuerat
1923 1921 2268 2002 praesidia,
2311 1922 2418 1981 in·-

312 2015 534 2083 petum
555 2000 751 2063 dedit.
774 2002 824 2063 ii
852 2004 1018 2085 vagi,
1066 2002 1376 2083 dissipato
1405 2004 1658 2085 agmine
1679 2003 2025 2085 fugientes„
2073 2002 2138 2061 in
2167 2002 2416 2094 Quinc-

312 2082 474 2143 tium
533 2081 879 2156 victorem,
938 2102 1083 2145 cum
1124 2079 1342 2145 saucio
1403 2084 1668 2144 consule
1709 2094 2178 2155 revertentem,
2245 2082 2418 2143 inci-

313 2158 492 2225 dere.
573 2166 739 2225 Tum
794 2162 1147 2225 consularis
1206 2163 1530 2226 exercitus
1572 2163 1832 2246 egregia
1919 2182 2088 2245 ugna
2127 2164 2416 2224 consulis

308 2243 573 2317 vulnus,
612 2240 809 2327 legati
853 2258 919 2304 et
970 2243 1330 2306 cohortium
1385 2242 1555 2303 ultus
1609 2258 1706 2305 eat
1759 2263 1870 2305 cae
1919 2264 2040 2305 em.
2139 2246 2415 2325 Magnae

310 2321 523 2386 clades
574 2322 748 2386 ultro
802 2325 1098 2407 citroque
1140 2324 1270 2384 illis
1315 2320 1540 2385 diebus
1581 2337 1648 2385 et
1693 2324 1922 2385 inlatae
1975 2336 2042 2385 et
2081 2336 2414 2405 acceptae.

308 2400 597 2466 Difficile
640 2404 720 2465 ad
760 2402 951 2465 fidem
994 2418 1093 2465 est
1144 2403 1209 2464 in
1236 2415 1378 2465 tam
1419 2404 1677 2487 antiqua
1717 2424 1826 2477 re,
1881 2418 2036 2488 quot
2075 2422 2418 2486 pugnave-

307 2485 442 2546 rint
480 2484 941 2557 ceciderintve,
988 2498 1210 2545 exacto
1254 2482 1588 2545 adfirmare
1630 2505 1920 2545 numero.
1961 2484 2152 2545 audet
2194 2498 2416 2547 tamen

306 2563 531 2625 Antias
572 2564 877 2643 Valerius
931 2564 1280 2645 concipere
1333 2584 1645 2625 summast
1711 2568 2030 2626 Romanoa
2087 2564 2414 2627 cecidisse

306 2646 377 2707 in
416 2647 707 2709 Hernico
732 2666 887 2729 agro
930 2647 1217 2729 quinque
1260 2644 1458 2705 millia
1491 2664 1566 2706 ac
1605 2658 1970 2721 trecentos;
2015 2665 2094 2707 ex
2135 2644 2414 2725 praeda-

304 2724 556 2788 toribus
596 2728 1003 2811 Aequorum,
1066 2726 1181 2809 qui
1220 2724 1662 2806 populabundi
1705 2727 1770 2785 in
1813 2724 2053 2786 finibus
2093 2726 2410 2788 Romanis

262 2823 270 2829 ’
304 2806 730 2889 vagabantur,
786 2806 864 2868 ab
904 2811 981 2867 A.
1024 2807 1358 2868 Postumio
1403 2807 1666 2869 consule
1718 2804 1843 2867 duo
1885 2804 2085 2866 millia
2139 2819 2207 2867 et
2247 2828 2412 2889 qua-

308 2884 681 2970 dringentos
717 2906 980 2965 caesos;
1026 2900 1300 2947 ceteram
1343 2885 1833 2959 multitudinem,
1877 2884 2180 2967 praedam
2205 2906 2412 2968 agen-

302 2984 429 3031 tem
449 3012 465 3039 ‚
529 2988 691 3052 quae
734 2966 1038 3030 inciderit
1076 2967 1145 3027 in
1190 2967 1595 3059 Quinctium,
1661 2988 2074 3050 nequaquam·
2105 2966 2246 3047 pari
2285 2965 2409 3029 de-

303 3050 588 3111 functam
646 3068 791 3110 esse
834 3048 1052 3109 caede.
1122 3047 1462 3109 interfecta
1507 3046 1656 3109 inde
1699 3062 1974 3130 quatuor
2011 3047 2248 3120 millia,
2311 3063 2404 3121 et,

305 3128 718 3207 exsequendo
748 3128 1072 3191 subtiliter
1102 3148 1460 3201 numerum,
1489 3126 1818 3203 ducentos,
1863 3128 1975 3200 ait,
2021 3141 2088 3189 et
2110 3127 2404 3209 triginta.

302 3214 383 3272 Ut
416 3209 512 3285 *ἢ
572 3214 837 3271 Romam
887 3208 1166 3269 reditum
1223 3222 1290 3269 ct
1349 3207 1661 3286 justitium
1720 3208 2056 3270 remissum
2099 3223 2196 3270 est
2227 3208 2402 3280 ’‘fl‘),

304 3292 559 3365 coelum
600 3287 807 3353 visum
848 3303 949 3349 est
988 3288 1217 3350 ardere
1258 3289 1538 3369 plurimo
1581 3288 1758 3370 igni3
1803 3302 2230 3371 portentaque
2269 3288 2404 3349 alia

239 3432 247 3440 ,
302 3386 410 3433 aut
438 3372 771 3434 obversata
812 3368 1036 3442 oculis,
1082 3383 1190 3429 aut
1216 3388 1406 3429 vanas
1449 3370 1774 3430 exterritis
1807 3382 2202 3433 ostentavere
2243 3388 2275 3427 s
2327 3390 2406 3431 e-

212 3520 228 3527 ,
301 3454 456 3515 cies.
540 3452 661 3515 His
704 3449 1072 3513 avertendis
1112 3448 1472 3510 terroribus
1513 3446 1582 3509 in
1621 3448 1902 3510 triduum
1943 3450 2147 3510 seriae
2187 3448 2257 3508 in
2303 3448 2402 3511 ic.-

299 3548 423 3607 tae,
488 3553 610 3614 per
650 3552 807 3617 quas
850 3530 1059 3592 omnia
1098 3529 1363 3590 delubra
1404 3550 1626 3610 pacem
1657 3530 1869 3591 Deum
1912 3550 1988 3590 ex
2039 3529 2404 3591 oscentium

300 3612 1099 3693 virorum‚mulierumque
1138 3610 1322 3671 turba
1364 3608 1798 3691 inplebantur.
1883 3552 2200 3672 Coffortes
2241 3609 2402 3672 inde

296 3694 561 3756 Latinae
604 3693 1056 3774 Hernicaeque
1100 3691 1179 3751 ab
1222 3704 1469 3764 senatu,
1514 3692 1739 3774 gratiis
1781 3690 1866 3753 ob
1909 3689 2230 3773 inpigram
2273 3692 2401 3751 mi-

364 3866 424 3929 θ’)
459 3867 589 3935 φαίη
623 3862 778 3921 Crev.
850 3860 938 3925 θ’)
978 3860 1108 3913 Inde
1140 3859 1312 3916 Gron.
1349 3860 1505 3918 Cra.
1572 3858 1696 3926 ¹¹⁶³)
1735 3860 1954 3914 reditum
1999 3870 2106 3911 est.-
2127 3859 2398 3931 justitam

457 3935 731 3991 remissum,
770 3929 907 3981 coelo
934 3928 1080 3987 eaed.
1327 3936 1330 3941 ’
