2534 4309
253 193 292 236 o
501 167 912 235 Lista
1010 155 1951 258 V111.·cm›.,25.26.

253 356 444 418 ediora
483 355 804 438 aliquanto
845 353 1010 414 intra
1038 371 1264 414 muros
1310 351 1411 422 iis,
1456 349 1688 433 quibus
1726 348 1934 413 hostis
1982 351 2217 414 territt-

257 481 271 508 ,
319 435 758 516 patiebanturt
806 447 870 495 et
909 433 1082 496 velut
1123 431 1293 512 capti
1334 453 1368 492 a
1412 429 1840 511 suismetipsis
1860 429 2217 514 praesidiis.

254 517 408 594 ¹ign-a
447 513 572 596 jam
614 513 836 576 liberis
880 531 1136 594 quoque
1177 532 1249 572 ac
1292 509 1703 592 coniugibus,
1775 523 1841 570 et
1882 531 2053 594 quae
2094 530 2219 590 cap·

253 617 350 656 um
391 595 642 657 urbium
685 607 964 655 extrema
1008 607 1182 665 sunt,
1243 591 1672 672 patiebantur.
1754 593 1983 671 Itaque
2024 611 2220 674 quum,

253 698 287 735 a
331 678 609 734 Tarento
653 685 718 734 et
757 695 790 732 a
833 669 1255 743 Samnitibus,
1319 671 1484 730 fama
1528 683 1735 741 esset,
1796 691 1967 734 nova
2008 670 2223 730 auxilia

253 768 432 824 itura,
478 753 850 824 Samnitium
892 752 1054 845 plus,
1104 771 1289 834 quam
1326 751 1588 822 vellent,
1634 749 1797 808 intra
1840 749 2105 810 moenia
2138 769 2223 810 es·

263 835 599 908 rebantur:
649 835 1142 892 Tarentinorum
1183 830 1599 908 juventutem,
1646 830 1879 890 Graeci
1927 831 2219 896 Graecos,

251 915 316 974 id
357 914 562 974 minus
604 933 725 994 per
765 932 922 994 quos
967 910 1232 972 Samniti
1274 909 1685 992 Nolanoque,
1762 927 1955 990 quam
1999 923 2073 969 ut
2110 911 2220 968 Ro·

252 995 370 1052 nis·
389 991 680 1055 hostibus
721 992 1120 1064 resisterent,
1167 1011 1279 1052 exs
1330 989 1638 1050 ectabaut.
1734 993 2089 1051 Postremo
2144 990 2222 1049 le·

253 1075 476 1133 simum
519 1071 824 1132 malorum
867 1069 1110 1131 deditio
1152 1069 1232 1130 ad
1334 1089 1594 1131 omanos
1636 1068 1794 1132 visa.
1901 1067 2224 1131 Charilaus

259 1151 630 1233 Nmphius,
673 1151 1002 1232 principes
1050 1149 1356 1222 civitatis,
1426 1150 1889 1212 communicato
1952 1149 2125 1210 iuter
2164 1167 2227 1208 se

252 1223 445 1305 isilio,
529 1243 747 1314 partes
790 1227 870 1291 ad
908 1250 1042 1289 rem
1084 1227 1391 1312 agendam
1437 1227 1755 1298 divisere,
1838 1240 1911 1288 ut
1952 1227 2121 1288 alter
2156 1225 2227 1286 ad

251 1325 606 1392 peratorem
645 1311 1076 1371 Romanorum
1117 1308 1586 1403 transfugeret,
1648 1308 1810 1369 alter
1849 1305 2223 1367 subsisteret

273 1389 702 1473 praebendam
745 1403 1166 1486 opportunam
1221 1389 1493 1450 consilio
1552 1386 1799 1448 urbem.
1898 1385 2225 1448 Charilaus

251 1486 294 1546 t,
341 1473 448 1552 qui
492 1469 572 1531 ad
607 1469 950 1532 Publihum
991 1469 1329 1530 Philonem
1369 1468 1579 1531 venit:
1644 1480 1741 1538 et,
1788 1469 1952 1546 quod
1994 1468 2223 1534 bonum,
2282 1487 2284 1492 ·

255 1561 435 1620 stum,
497 1550 656 1626 felix
693 1549 760 1625 1ιέ)
806 1549 1254 1626 Palaepolitanis
1298 1550 1628 1628 populoque
1694 1546 1973 1606 Romano
2070 1557 2223 1615 oesct,

251 1632 507 1700 demes,
541 1629 652 1702 ait,
697 1629 928 1690 moenia
949 1629 1225 1687 statuisse.
1278 1629 1371 1687 Eo
1378 1631 1553 1704 sacro
1578 1637 1775 1684 utrum
1794 1629 1871 1684 ab
1892 1646 1955 1687 se
1972 1629 2223 1704 prodita,

251 1719 499 1780 servata,
539 1709 734 1788 patria
765 1709 1056 1776 videatur,
1105 1707 1167 1765 in
1181 1707 1321 1778 fide
1345 1709 1616 1768 Romana
1654 1705 1909 1785 positum
1950 1725 2082 1766 mse.
2124 1703 2229 1766 sibi

251 1788 428 1847 vatim
478 1807 586 1848 nec
631 1789 846 1868 pacisci
883 1788 1234 1865 quidquam,
1318 1807 1426 1846 nec
1458 1795 1675 1868 petere.-
1732 1786 1965 1862 publt‘ce
2018 1797 2221 1864 petar,

251 1891 326 1926 zm
361 1869 577 1948 pacisci
589 1909 609 1938 ‚
655 1870 870 1946 magis,
915 1877 1005 1938 ut,
1063 1867 1118 1925 si
1151 1867 1491 1928 successisset
1528 1866 1816 1947 Inceptum
1834 1907 1857 1936 ,
1938 1867 2225 1944 cogitaret

251 1950 389 2008 »ulus
438 1947 766 2017 Romanus,
842 1947 1034 2028 potius
1111 1967 1248 2006 cum
1328 1955 1543 2025 quanto
1609 1947 1804 2006 studio
1856 1946 2220 2026 peribuloque

249 2029 402 2088 'itum
443 2029 507 2087 ἰη
547 2027 866 2087 αιηίοἰίἰανη
903 2048 1069 2088 suam
1112 2033 1266 2098 assei,
1316 2046 1490 2103 quam
1531 2044 1642 2105 qua
1680 2025 1929 2085 sttdtitae‘a
1968 2035 2025 2085 et
2048 2037 2217 2086 temo-
2283 2063 2284 2070 κ

249 2118 317 2166 rte
355 2109 428 2167 de
465 2107 657 2184 offic-io
697 2110 1005 2168 decessum.
1086 2104 1507 2170 Conlaudatus
1550 2105 1625 2166 ab
1668 2105 2063 2188 imperatore
2104 2105 2215 2166 tria

249 2187 343 2248 [lia
385 2187 652 2248 militum
692 2185 771 2248 ad
813 2187 1243 2269 occupandam
1285 2207 1423 2247 eam
1464 2199 1705 2280 partem
1746 2186 1952 2260 urbis,
2042 2207 2215 2270 quam

249 2267 460 2330 nnites
503 2266 882 2340 insidebant,
917 2267 1215 2362 accepitz
1270 2266 1595 2350 praesldio
1648 2265 1709 2328 ei
1764 2267 1837 2327 L.
1884 2265 2217 2358 Quinctius

249 2348 444 2410 hunus
484 2347 747 2408 militum
791 2363 1214 2430 praepositus,

299 2429 526 2490 XXVI.
607 2426 850 2490 Eodem
931 2441 1222 2512 tempore
1306 2441 1373 2488 et
1422 2425 1771 2508 Nymphius
1856 2440 2217 2510 praetorem

249 2509 517 2568 nnitium
547 2521 682 2569 arte
714 2507 1051 2588 adgressus
1091 2510 1485 2592 perpulerat,
1528 2519 1615 2578 ut,
1662 2507 1957 2590 quoniam
2014 2507 2217 2568 omnis

249 2608 458 2648 manus
503 2587 819 2649 exereitus
862 2601 966 2648 aut
1005 2589 1174 2649 circa
1217 2589 1641 2670 Palaepolim·
1668 2599 1771 2648 aut
1830 2587 1899 2648 in
1962 2587 2217 2648 Samnio

252 2681 335 2743 et,
381 2667 623 2730 sineret
663 2689 733 2730 se
774 2667 976 2729 classe
1017 2668 1406 2730 circumvehi
1449 2669 1527 2728 ad
1568 2669 1917 2728 Romanum
1976 2689 2213 2750 agrum,

249 2771 270 2807 1
312 2769 487 2809 oram
525 2747 717 2809 modo
758 2748 968 2822 maris,
1016 2747 1130 2810 sed
1164 2748 1301 2829 ‚ipsi
1344 2748 1489 2810 urbi
1530 2747 1894 2830 propinqua
1936 2749 2081 2808 locu
2107 2747 2215 2808 de-

250 2828 602 2889 )ulaturum.
687 2825 836 2901 Sed,
880 2843 947 2892 ut
986 2828 1259 2900 falleret,
1304 2841 1493 2890 noete
1536 2827 2075 2908 proficiscendum
2118 2847 2215 2888 es-

249 2903 253 2910 ’
295 2909 743 2994 εῑηειῐιρίοφιο
787 2906 986 2970 naves'
1022 2908 1450 2970 deducendas.
1518 2907 1687 2991 quod
1742 2929 1869 2992 quo
1908 2907 2215 2968 maturius

249 3003 358 3064 ·et‚
441 2989 646 3050 omnis
685 2987 976 3070 juventus
1023 2989 1431 3062 Samnitium,
1476 3003 1735 3069 praeter
1776 2989 2213 3050 necessarium

249 3070 312 3128 ·is
353 3066 779 3164 praesidium,
825 3067 904 3129 ad
943 3068 1093 3130 litus
1135 3071 1349 3132 missa.
1408 3069 1517 3130 uhi
1558 3067 1707 3128 dum
1747 3068 2104 3150 Nymphius
2148 3069 2211 3128 in

249 3148 545 3210 ebris·et
582 3148 985 3210 multitudine
1050 3164 1255 3211 semet
1310 3150 1449 3230 ipsa
1509 3148 1905 3228 inpediente,
1993 3148 2215 3210 sedulo

249 3249 274 3287 s
302 3228 420 3289 alia
452 3229 718 3310 imperia
737 3229 1022 3303 turbans,
1049 3231 1203 3290 terit
1223 3243 1509 3312 tempus3
1546 3229 1897 3301 Charilaus,
1936 3249 2017 3290 ex
2044 3249 2213 3291 com-

254 3307 343 3367 ito
380 3307 457 3368 ab
484 3309 676 3371 sociis
705 3307 770 3369 in
791 3310 1014 3372 urbem
1035 3323 1352 3390 receptuS,
1400 3331 1588 3393 quum
1612 3331 1851 3373 summa
1881 3309 2066 3374 urbis
2084 3313 2207 3370 Ro-

249 3408 313 3446 10
329 3387 532 3468 milite
551 3389 879 3470 inplesset,
917 3389 1061 3450 tolli
1081 3391 1421 3452 clamorem
1442 3391 1461 3470 j
1470 3393 1663 3452 ussit:
1706 3389 1787 3451 ad
1802 3409 1995 3488 quem
2014 3391 2213 3451 Grae-

251 3467 435 3549 sig'no
455 3469 1204 3552 acceptoaprincipibus,
1243 3472 1567 3554 quievere.
1624 3470 1853 3532 Nolam
1882 3491 2009 3552 per
2030 3491 2215 3532 aver-

249 3570 258 3605 ι
293 3561 532 3627 partem
565 3549 741 3612 urbis
761 3550 865 3612 via
882 3551 1106 3610 Nolam
1123 3550 1378 3612 ferente
1408 3549 1739 3634 effugiunt.
1820 3550 2219 3614 Samnitibus

249 3625 403 3710 lusis
423 3625 498 3686 ab
517 3627 693 3700 urbe,
711 3641 780 3690 ut
799 3629 1162 3712 expeditior
1181 3631 1247 3691 in
1261 3632 1627 3714 praesentia
1640 3632 1809 3714 fuga,
1826 3632 1915 3692 ita
1932 3629 2218 3702 foedior,

251 3718 460 3786 tquam
499 3706 791 3786 periculo
834 3724 1202 3783 evaserunt,
1245 3711 1417 3773 visa:
1466 3713 1708 3794 quippe
1792 3713 1859 3773 ui
1903 3712 2217 3778 inermes.

249 3784 298 3842 la
315 3803 528 3844 rerum
555 3805 807 3853 suarum
827 3809 960 3853 uon
977 3791 1200 3855 relicta
1230 3791 1401 3856 inter
1417 3789 1661 3870 hostes,
1699 3793 1766 3856 lu
1814 3791 2057 3856 ibrium
2082 3813 2221 3858 nou
2278 3791 2280 3794 ⁴

249 3967 254 3992 '
290 3949 515 4026 filim
545 3953 717 4013 Grou.
757 3953 914 4017 θην,
