2534 4309
336 130 479 201 218
685 73 1102 199 Linssu
1199 98 2066 243 1V.CAP.5.6557.

333 319 426 381 ita
487 328 720 380 eventu
775 313 1178 378 comitiorum
1230 318 1460 376 Patres
1516 312 1759 377 vicere.
1842 332 2115 398 namque
2174 313 2413 376 tribuni

335 397 612 461 militum
663 395 1359 477 consulariqpotestate
1422 409 1644 459 contra
1703 414 1887 476 spem
1946 393 2231 469 omnium
2286 408 2413 455 tres

337 476 598 561 patricii
639 476 838 537 creati
881 475 1044 546 bunt,
1103 476 1176 537 C.
1217 474 1425 536 Julius
1466 475 1687 547 Julun‚
1750 477 1824 535 P.
1871 474 2233 537 Cornelius·
2260 476 2413 537 Cos-

337 578 476 631 sus,
519 560 588 619 C.
633 554 948 619 Servilius
990 552 1212 617 Ahala.
1296 556 1521 617 Artem
1561 553 1907 615 adhibitam
1968 554 2185 615 ferunt
2224 576 2267 615 a
2307 576 2413 637 pa-

261 704 268 711 ,
337 636 570 712 tricus,
591 624 826 709 ’(ὼίιε
869 655 981 697 eos
1023 634 1192 696 Icilii
1230 648 1367 697 tum
1418 653 1671 729 quoque
1722 632 2201 712 insimulabant)
2224 633 2414 728 2⁴1¹¹9d

223 2340 276 2363 Μ-

336 715 589 781 turbam
630 716 696 775 in
744 715 1036 797 ignorum
1077 713 1558 775 candidatorum
1616 713 2121 793 intermisce-ndo
2178 714 2409 795 dignis,

337 796 551 858 taedio
592 795 879 858 sordium
917 794 985 855 in
1111 793 1399 857 ibu'sdam
1440 792 1809 877 insignium,
1850 794 2157 876 populum
2198 816 2235 855 a
2276 794 2413 875 ple-

335 874 505 955 bejis
548 876 950 939 avertissent.
1095 874 1309 935 olscos
1352 872 1588 935 deinde
1628 888 1695 936 et
1730 874 1990 955 Aequos
2010 917 2029 947 ‚
2098 893 2219 935 seu
2262 877 2412 937 Car-

337 970 608 1021 ventana
649 974 760 1015 arx
800 967 1047 1015 retenta
1108 954 1177 1013 in
1233 956 1451 1033 spem,
1534 974 1653 1015 seu
1690 953 2055 1035 Verrugine
2110 953 2411 1016 amissum

339 1035 732 1117 praesidium
761 1032 854 1093 ad
891 1034 1054 1093 iram
1093 1032 1551 1113 compulisset,
1632 1032 1800 1094 fam
1840 1032 2131 1100 adfertur
2172 1054 2410 1095 summa

327 1115 406 1193 ¹vi
439 1112 519 1175 ad
549 1113 783 1179 bellum
825 1126 1121 1176 coortos:
1167 1125 1357 1193 caput
1395 1132 1611 1173 rerum
1630 1114 1915 1174 Antiates
1960 1130 2144 1173 esse:
2191 1132 2413 1177 eorum

329 1195 585 1275 legatos
628 1194 964 1273 utriusque
1005 1191 1214 1274 gentis
1257 1192 1537 1285 populos
1582 1192 1978 1264 circumisse,
2022 1192 2185 1253 casti
2230 1208 2409 1255 antes

337 1274 676 1355 ignaviam,
761 1271 952 1353 quod,
1037 1270 1236 1332 abditi
1280 1284 1445 1333 mtra
1484 1292 1725 1345 muros,
1856 1269 2175 1355 opulabun
2224 1294 2301 1335 os
2344 1274 2409 1336 iu

337 1354 514 1447 agris
556 1351 774 1435 vagari
813 1354 1132 1412 Romanos
1174 1351 1397 1433 priore
1438 1372 1625 1425 anno,
1672 1366 1737 1413 et
1776 1373 1815 1414 o
1859 1351 2055 1432 primi
2094 1352 2409 1436 Verrugi-

337 1454 443 1496 ms
471 1431 912 1515 praesidium,
956 1431 1132 1511 passi
1175 1442 1415 1491 essent.
1494 1429 1623 1512 jam
1660 1452 1793 1493 non
1846 1431 2167 1494 exercitus
2220 1433 2411 1495 modo

336 1526 631 1585 armatos,
676 1511 796 1571 sed
835 1510 1118 1571 colonias
1163 1510 1375 1583 etiam,
1418 1509 1487 1569 iu
1526 1531 1679 1573 suos
1723 1508 1883 1571 fines
1926 1510 2123 1572 mitti:
2170 1534 2297 1576 nee
2316 1512 2409 1594 ip-

335 1613 447 1654 sos
507 1590 698 1653 modo
757 1592 1078 1651 Romanos
1145 1610 1255 1651 sua
1314 1589 1519 1651 divisa
1575 1589 1854 1664 habere,
1936 1589 2058 1651 sed
2108 1592 2411 1656 Ferenti-

335 1692 488 1731 num
529 1672 722 1732 etiam
779 1668 859 1729 de
919 1689 993 1729 se
1053 1682 1305 1749 captum
1355 1669 1658 1733 Hernicis
1714 1668 2009 1731 donasse.
2107 1670 2215 1733 Ad
2254 1672 2411 1734 baec

335 1770 528 1832 quum
597 1747 1133 1811 inflammarentur
1201 1748 1396 1809 animi
1418 1791 1434 1822 ‚
1518 1763 1588 1811 ut
1644 1746 1725 1809 ad
1788 1769 2077 1831 quosque
2148 1766 2411 1813 ventum

336 1844 492 1901 erat,
535 1850 833 1892 numerus
877 1828 1196 1907 juniorum
1235 1827 1775 1891 conscribebatur.
1860 1833 1952 1890 lta
1982 1830 2269 1891 omnium
2292 1853 2409 1925 po-

385 1910 630 1970 ulorum
673 1908 964 1988 juventus
1005 1908 1264 1971 Antium
1305 1920 1659 1983 contracta,
1738 1907 1831 1968 ibi
1854 1933 1861 1943 ·
1882 1908 2111 1970 eastris
2170 1912 2409 1991 positis

333 1930 582 2052 {ostem
627 1988 1146 2071 opperiebantur.
1233 1988 1413 2081 Quae
1453 1987 1565 2047 ubi
1602 1988 1869 2049 tumultu
1908 1985 2149 2067 majore
2192 1989 2407 2065 etism,

334 2088 520 2149 quam
563 2089 682 2131 res·
713 2083 848 2130 erat
868 2112 884 2143 ‚
963 2068 1331 2129 nuntiantur
1388 2068 1685 2141 Romam,
1764 2082 2019 2129 senatus
2082 2072 2407 2152 extemplo

334 2147 547 2228 (quod
580 2148 644 2209 in
689 2149 878 2211 rebus
919 2148 1194 2230 trepidis
1237 2146 1531 2219 ultimum
1585 2146 1923 2209 consilium
1962 2145 2129 2223 erat)
2204 2149 2411 2213 dicta·

332 2242 542 2289 torem
581 2227 716 2290 dici
753 2227 956 2307 iussit.
1041 2250 1228 2312 quam
1286 2248 1425 2289 rem
1458 2224 1657 2310 ”aegre
1698 2246 1925 2320 passos
1964 2228 2205 2295 Julium
2248 2233 2409 2293 Cor·
2518 2242 2520 2287 ε

332 2306 696 2392 :neliumque
739 2309 988 2389 ferunt3
1055 2327 1413 2391 magnoque
1466 2320 1813 2369 certamine
1872 2308 2225 2371 animorum
2274 2331 2409 2371 rem

334 2400 568 2449 actam:
627 2409 816 2471 quum
861 2392 1191 2483 primores
1245 2391 1536 2462 Petrum,
1578 2386 2005 2469 nequidquam
2046 2391 2407 2472 conquesti,

330 2486 466 2528 non
506 2488 649 2529 esse
693 2469 762 2529 in
799 2467 1174 2532 auctoritate
1215 2482 1468 2531 senatus
1498 2467 1790 2529 tribunos
1812 2466 2102 2543 militum,
2146 2483 2407 2549 postre-

329 2568 439 2608 mo
481 2548 672 2609 etiam
713 2547 1002 2615 tribunos
1030 2547 1262 2631 :plebei
1289 2546 1353 2625 ³²)
1395 2547 1791 2628 adpellarent
1816 2590 1833 2619 ‚
1912 2560 1976 2609 et
2032 2549 2407 2625 consulibus

329 2646 586 2769 ssuoque
627 2625 704 2688 ab
747 2648 822 2689 ea
860 2642 1177 2722 potestate
1218 2627 1351 2692 vim
1391 2647 1591 2708 super
1628 2627 1742 2687 tali
1782 2648 1856 2688 re
1910 2624 2247 2689 inhibitam
2302 2650 2409 2690 re-

365 2720 608 2769 errent=
653 2707 894 2769 tribum
935 2708 1169 2790 plebei,
1215 2706 1369 2770 laeti
1394 2706 1719 2769 discordia
1735 2710 2015 2779 Pati-um,
2058 2706 2227 2769 nihil
2260 2728 2409 2771 esse

331 2788 401 2850 in
443 2786 542 2847 his
585 2787 806 2848 auxilii
847 2787 1154 2863 dicerent,
1199 2788 1310 2871 qui
1352 2809 1483 2852 non
1523 2786 1778 2859 civium,
1822 2807 1955 2849 nou
1978 2785 2259 2869 denique
2288 2789 2407 2851 ho-
2516 2838 2518 2841 <

326 2866 568 2929 minum
608 2887 874 2930 numero
918 2883 1170 2945 essent3
1254 2867 1313 2927 si
1374 2865 1625 2948 quando
1682 2866 2036 2948 promiscui
2092 2866 2404 2945 bonores,

332 2947 788 3010 communicata
826 2948 1193 3043 respublica
1234 2961 1444 3020 esset,
1514 2960 1645 3009 tum
1702 2966 1773 3007 se
1816 2947 2403 3022 animadversuros,

323 3048 411 3091 ne
454 3048 575 3111 qua
594 3071 610 3102 ‚
697 3028 1000 3108 superbia
1041 3028 1551 3123 magistratuum,
1631 3026 1835 3090 irrita,
1856 3030 2405 3091 senatusconsulta

326 3121 580 3187 essent3
652 3106 910 3169 interim
950 3108 1231 3190 patrimi,
1294 3107 1491 3170 soluti
1543 3107 1607 3168 le
1652 3128 1757 3168 um
1796 3107 2405 3193 magistratuumque

323 3186 712 3249 verecundia
734 3231 751 3262 ‚
836 3208 957 3270 per
1038 3208 1114 3251 se
1193 3207 1451 3273 quoque
1532 3188 1614 3248 tr'
1662 3188 1939 3250 uniciam
2015 3202 2403 3269 potestatem

321 3288 360 3329 a
407 3280 607 3327 erent.

361 3287 403 3349 g
483 3348 682 3411 LVII.
783 3350 962 3410 Haec
1033 3334 1364 3411 contentio
1428 3346 1693 3408 minime
1768 3346 2006 3409 idoneo
2080 3360 2403 3431 tempore,

322 3446 517 3509 quum
557 3440 794 3489 tantum
835 3428 994 3491 belli
1032 3428 1102 3489 in
1139 3427 1431 3489 manibus
1476 3440 1685 3499 esset,
1742 3442 2171 3509 occupaverat
2224 3429 2405 3511 cogi·

318 3499 595 3569 tationes
637 3507 998 3570 hominum:
1044 3508 1270 3582 donee,
1314 3506 1424 3568 ubi
1467 3506 1576 3568 diu
1618 3507 1881 3570 alternis
1923 3507 2134 3570 Julius
2155 3510 2405 3575 Corne-

318 3586 610 3671 liusque,
689 3608 868 3669 quum
921 3592 1005 3649 ad
1057 3589 1130 3648 id
1165 3588 1376 3647 bellum
1426 3587 1540 3667 ipsi
1574 3588 1711 3649 satis
1750 3587 1952 3648 idonei
1986 3588 2163 3650 duces
2200 3600 2404 3660 essmt,

319 3687 443 3729 non
479 3688 592 3729 esse
625 3688 874 3747 aequum
887 3711 910 3741 ,
995 3670 1343 3729 mandatum
1398 3667 1511 3729 sibi
1556 3686 1597 3727 a
1632 3668 1850 3746 populo
1900 3667 2061 3747 eripi
2098 3661 2407 3743 hanonia,

385 3838 441 3903 ⁴⁹)
471 3838 612 3907 plebi
642 3836 810 3893 Gron.
846 3838 923 3893 sic
957 3850 1010 3893 et
1041 3838 1200 3911 paulo
1219 3849 1389 3912 ,postz
1426 3838 1617 3893 tribuni
1643 3836 1797 3906 plebi.
