<?xml version="1.0" encoding="UTF-8"?>
<!DOCTYPE html PUBLIC "-//W3C//DTD XHTML 1.0 Transitional//EN"
    "http://www.w3.org/TR/xhtml1/DTD/xhtml1-transitional.dtd">
<html xmlns="http://www.w3.org/1999/xhtml" xml:lang="en" lang="en">
 <head>
  <title>
</title>
<meta http-equiv="Content-Type" content="text/html;charset=utf-8" />
  <meta name='ocr-system' content='tesseract 3.04.00' />
  <meta name='ocr-capabilities' content='ocr_page ocr_carea ocr_par ocr_line ocrx_word'/>
</head>
<body>
  <div class='ocr_page' id='page_1' title='image "./tliviipatavinih00barbgoog_0308.png"; bbox 0 0 2534 4309; ppageno 0'>
   <div class='ocr_carea' id='block_1_1' title="bbox 345 149 2047 240">
    <p class='ocr_par' dir='ltr' id='par_1_1' title="bbox 345 149 2047 240">
     <span class='ocr_line' id='line_1_1' title="bbox 345 149 2047 240; baseline -0.005 -21"><span class='ocrx_word' id='word_1_1' title='bbox 345 171 522 240; x_wconf 73' lang='lat'><strong>²9²,</strong></span> <span class='ocrx_word' id='word_1_2' title='bbox 687 149 1662 229; x_wconf 46' lang='lat' dir='ltr'><strong>LlnERVI.C21·,.</strong></span> <span class='ocrx_word' id='word_1_3' title='bbox 1768 155 2047 212; x_wconf 51' lang='lat' dir='ltr'><strong>araz.</strong></span> 
     </span>
    </p>
   </div>
   <div class='ocr_carea' id='block_1_2' title="bbox 234 331 2413 2097">
    <p class='ocr_par' dir='ltr' id='par_1_2' title="bbox 234 331 2413 2097">
     <span class='ocr_line' id='line_1_2' title="bbox 335 331 2413 418; baseline -0.003 -21"><span class='ocrx_word' id='word_1_4' title='bbox 335 357 440 398; x_wconf 83' lang='lat' dir='ltr'><strong>ros</strong></span> <span class='ocrx_word' id='word_1_5' title='bbox 483 338 731 418; x_wconf 79' lang='lat' dir='ltr'><strong>Nepete</strong></span> <span class='ocrx_word' id='word_1_6' title='bbox 787 335 1080 396; x_wconf 76' lang='lat' dir='ltr'><strong>coloniae</strong></span> <span class='ocrx_word' id='word_1_7' title='bbox 1137 331 1551 394; x_wconf 68' lang='lat' dir='ltr'><strong>deducendae</strong></span> <span class='ocrx_word' id='word_1_8' title='bbox 1603 345 1999 409; x_wconf 73' lang='lat' dir='ltr'><strong>creaverunt.</strong></span> <span class='ocrx_word' id='word_1_9' title='bbox 2084 333 2291 404; x_wconf 82' lang='lat' dir='ltr'><strong>Turn,</strong></span> <span class='ocrx_word' id='word_1_10' title='bbox 2352 347 2413 391; x_wconf 86' lang='lat' dir='ltr'><strong>ut</strong></span> 
     </span>
     <span class='ocr_line' id='line_1_3' title="bbox 332 413 2413 496; baseline -0.002 -20"><span class='ocrx_word' id='word_1_11' title='bbox 332 415 566 477; x_wconf 83' lang='lat' dir='ltr'><strong>bellum</strong></span> <span class='ocrx_word' id='word_1_12' title='bbox 607 415 933 495; x_wconf 84' lang='lat' dir='ltr'><strong>juberent,</strong></span> <span class='ocrx_word' id='word_1_13' title='bbox 981 417 1174 474; x_wconf 82' lang='lat' dir='ltr'><strong>latum</strong></span> <span class='ocrx_word' id='word_1_14' title='bbox 1213 413 1291 474; x_wconf 84' lang='lat' dir='ltr'><strong>ad</strong></span> <span class='ocrx_word' id='word_1_15' title='bbox 1335 416 1639 494; x_wconf 83' lang='lat' dir='ltr'><strong>populum</strong></span> <span class='ocrx_word' id='word_1_16' title='bbox 1680 429 1814 474; x_wconf 80' lang='lat' dir='ltr'><strong>est:</strong></span> <span class='ocrx_word' id='word_1_17' title='bbox 1860 428 1943 484; x_wconf 79' lang='lat' dir='ltr'><strong>et,</strong></span> <span class='ocrx_word' id='word_1_18' title='bbox 1982 435 2069 472; x_wconf 84' lang='lat' dir='ltr'><strong>ne</strong></span> <span class='ocrx_word' id='word_1_19' title='bbox 2120 413 2413 496; x_wconf 80' lang='lat' dir='ltr'><strong>uidquam</strong></span> 
     </span>
     <span class='ocr_line' id='line_1_4' title="bbox 333 492 2411 574; baseline 0 -22"><span class='ocrx_word' id='word_1_20' title='bbox 333 493 850 557; x_wconf 78' lang='lat' dir='ltr'><strong>dissuadentibus</strong></span> <span class='ocrx_word' id='word_1_21' title='bbox 893 492 1168 556; x_wconf 83' lang='lat' dir='ltr'><strong>tribunis</strong></span> <span class='ocrx_word' id='word_1_22' title='bbox 1211 493 1454 574; x_wconf 80' lang='lat' dir='ltr'><strong>plebis,</strong></span> <span class='ocrx_word' id='word_1_23' title='bbox 1500 493 1963 560; x_wconf 65' lang='lat' dir='ltr'><strong>omues„tribns</strong></span> <span class='ocrx_word' id='word_1_24' title='bbox 2008 493 2251 554; x_wconf 88' lang='lat' dir='ltr'><strong>belum</strong></span> <span class='ocrx_word' id='word_1_25' title='bbox 2292 494 2411 568; x_wconf 79' lang='lat' dir='ltr'><strong>jus-</strong></span> 
     </span>
     <span class='ocr_line' id='line_1_5' title="bbox 333 573 2411 656; baseline -0.001 -20"><span class='ocrx_word' id='word_1_26' title='bbox 333 589 572 636; x_wconf 83' lang='lat' dir='ltr'><strong>serunt.</strong></span> <span class='ocrx_word' id='word_1_27' title='bbox 633 573 1017 656; x_wconf 78' lang='lat' dir='ltr'><strong>Adparatum</strong></span> <span class='ocrx_word' id='word_1_28' title='bbox 1061 596 1138 634; x_wconf 90' lang='lat' dir='ltr'><strong>eo</strong></span> <span class='ocrx_word' id='word_1_29' title='bbox 1181 595 1345 634; x_wconf 87' lang='lat' dir='ltr'><strong>anno</strong></span> <span class='ocrx_word' id='word_1_30' title='bbox 1388 575 1625 634; x_wconf 82' lang='lat' dir='ltr'><strong>bellum</strong></span> <span class='ocrx_word' id='word_1_31' title='bbox 1668 587 1807 650; x_wconf 80' lang='lat' dir='ltr'><strong>est3</strong></span> <span class='ocrx_word' id='word_1_32' title='bbox 1854 574 2175 636; x_wconf 79' lang='lat' dir='ltr'><strong>exercitus</strong></span> <span class='ocrx_word' id='word_1_33' title='bbox 2216 593 2411 654; x_wconf 83' lang='lat' dir='ltr'><strong>prop-</strong></span> 
     </span>
     <span class='ocr_line' id='line_1_6' title="bbox 329 651 2413 736; baseline -0.001 -22"><span class='ocrx_word' id='word_1_34' title='bbox 329 669 432 714; x_wconf 82' lang='lat' dir='ltr'><strong>ter</strong></span> <span class='ocrx_word' id='word_1_35' title='bbox 489 655 923 736; x_wconf 80' lang='lat' dir='ltr'><strong>&#39;pestilentiam</strong></span> <span class='ocrx_word' id='word_1_36' title='bbox 978 675 1112 715; x_wconf 89' lang='lat' dir='ltr'><strong>nou</strong></span> <span class='ocrx_word' id='word_1_37' title='bbox 1161 655 1452 726; x_wconf 66' lang='lat' dir='ltr'><strong>eductus.</strong></span> <span class='ocrx_word' id='word_1_38' title='bbox 1540 651 1740 736; x_wconf 83' lang='lat' dir='ltr'><strong>eaque</strong></span> <span class='ocrx_word' id='word_1_39' title='bbox 1797 653 2117 715; x_wconf 85' lang='lat' dir='ltr'><strong>cunetatio</strong></span> <span class='ocrx_word' id='word_1_40' title='bbox 2170 653 2413 714; x_wconf 80' lang='lat' dir='ltr'><strong>colonis</strong></span> 
     </span>
     <span class='ocr_line' id='line_1_7' title="bbox 331 732 2413 816; baseline -0.001 -22"><span class='ocrx_word' id='word_1_41' title='bbox 331 737 602 816; x_wconf 82' lang='lat' dir='ltr'><strong>spatium</strong></span> <span class='ocrx_word' id='word_1_42' title='bbox 637 733 900 816; x_wconf 78' lang='lat' dir='ltr'><strong>dederat</strong></span> <span class='ocrx_word' id='word_1_43' title='bbox 939 732 1326 814; x_wconf 74' lang='lat' dir='ltr'><strong>deprecandi</strong></span> <span class='ocrx_word' id='word_1_44' title='bbox 1362 749 1685 811; x_wconf 78' lang='lat' dir='ltr'><strong>senatum3</strong></span> <span class='ocrx_word' id='word_1_45' title='bbox 1730 746 1797 794; x_wconf 89' lang='lat' dir='ltr'><strong>et</strong></span> <span class='ocrx_word' id='word_1_46' title='bbox 1820 754 2045 816; x_wconf 80' lang='lat' dir='ltr'><strong>magna</strong></span> <span class='ocrx_word' id='word_1_47' title='bbox 2082 733 2413 794; x_wconf 82' lang='lat' dir='ltr'><strong>hominum</strong></span> 
     </span>
     <span class='ocr_line' id='line_1_8' title="bbox 377 813 2411 896; baseline 0 -23"><span class='ocrx_word' id='word_1_48' title='bbox 377 835 480 877; x_wconf 84' lang='lat' dir='ltr'><strong>ars</strong></span> <span class='ocrx_word' id='word_1_49' title='bbox 524 836 638 888; x_wconf 90' lang='lat' dir='ltr'><strong>eo,</strong></span> <span class='ocrx_word' id='word_1_50' title='bbox 684 828 752 875; x_wconf 89' lang='lat' dir='ltr'><strong>ut</strong></span> <span class='ocrx_word' id='word_1_51' title='bbox 792 814 1030 895; x_wconf 82' lang='lat' dir='ltr'><strong>legatio</strong></span> <span class='ocrx_word' id='word_1_52' title='bbox 1071 815 1349 896; x_wconf 76' lang='lat' dir='ltr'><strong>supplex</strong></span> <span class='ocrx_word' id='word_1_53' title='bbox 1388 817 1655 878; x_wconf 80' lang='lat' dir='ltr'><strong>Romam</strong></span> <span class='ocrx_word' id='word_1_54' title='bbox 1694 813 2087 886; x_wconf 77' lang='lat' dir='ltr'><strong>mitteretur,</strong></span> <span class='ocrx_word' id='word_1_55' title='bbox 2147 813 2411 875; x_wconf 85' lang='lat' dir='ltr'><strong>inclina·</strong></span> 
     </span>
     <span class='ocr_line' id='line_1_9' title="bbox 328 833 2411 976; baseline 0.001 -23"><span class='ocrx_word' id='word_1_56' title='bbox 328 833 470 954; x_wconf 62' lang='lat' dir='ltr'><strong>Eat:</strong></span> <span class='ocrx_word' id='word_1_57' title='bbox 515 895 584 954; x_wconf 83' lang='lat' dir='ltr'><strong>ni</strong></span> <span class='ocrx_word' id='word_1_58' title='bbox 627 895 877 976; x_wconf 80' lang='lat' dir='ltr'><strong>privato</strong></span> <span class='ocrx_word' id='word_1_59' title='bbox 924 895 1026 970; x_wconf 78' lang='lat' dir='ltr'><strong>(ut</strong></span> <span class='ocrx_word' id='word_1_60' title='bbox 1065 891 1166 969; x_wconf 82' lang='lat' dir='ltr'><strong>fit)</strong></span> <span class='ocrx_word' id='word_1_61' title='bbox 1210 895 1501 974; x_wconf 85' lang='lat' dir='ltr'><strong>periculo</strong></span> <span class='ocrx_word' id='word_1_62' title='bbox 1540 895 1869 976; x_wconf 85' lang='lat' dir='ltr'><strong>publicum</strong></span> <span class='ocrx_word' id='word_1_63' title='bbox 1910 894 2279 975; x_wconf 79' lang='lat' dir='ltr'>inplicitum</span> <span class='ocrx_word' id='word_1_64' title='bbox 2314 915 2411 955; x_wconf 84' lang='lat' dir='ltr'><strong>es-</strong></span> 
     </span>
     <span class='ocr_line' id='line_1_10' title="bbox 331 971 2411 1056; baseline -0.002 -20"><span class='ocrx_word' id='word_1_65' title='bbox 331 987 448 1046; x_wconf 82' lang='lat' dir='ltr'><strong>set,</strong></span> <span class='ocrx_word' id='word_1_66' title='bbox 493 973 916 1056; x_wconf 78' lang='lat' dir='ltr'><strong>auctoresque</strong></span> <span class='ocrx_word' id='word_1_67' title='bbox 961 971 1346 1036; x_wconf 87' lang='lat' dir='ltr'><strong>desectionis</strong></span> <span class='ocrx_word' id='word_1_68' title='bbox 1388 975 1466 1035; x_wconf 89' lang='lat' dir='ltr'><strong>ab</strong></span> <span class='ocrx_word' id='word_1_69' title='bbox 1506 973 1846 1050; x_wconf 73' lang='lat' dir='ltr'><strong>Romanis,</strong></span> <span class='ocrx_word' id='word_1_70' title='bbox 1886 987 2061 1040; x_wconf 69' lang='lat' dir='ltr'><strong>metu</strong></span> <span class='ocrx_word' id='word_1_71' title='bbox 2103 995 2227 1046; x_wconf 88' lang='lat' dir='ltr'><strong>ne,</strong></span> <span class='ocrx_word' id='word_1_72' title='bbox 2292 972 2411 1034; x_wconf 87' lang='lat' dir='ltr'><strong>soli</strong></span> 
     </span>
     <span class='ocr_line' id='line_1_11' title="bbox 329 1052 2407 1134; baseline -0.001 -20"><span class='ocrx_word' id='word_1_73' title='bbox 329 1053 954 1132; x_wconf 84' lang='lat' dir='ltr'><strong>crimini·subjecti,</strong></span> <span class='ocrx_word' id='word_1_74' title='bbox 1016 1053 1262 1134; x_wconf 88' lang='lat' dir='ltr'><strong>piacula</strong></span> <span class='ocrx_word' id='word_1_75' title='bbox 1324 1055 1457 1116; x_wconf 80' lang='lat' dir='ltr'><strong>irae</strong></span> <span class='ocrx_word' id='word_1_76' title='bbox 1510 1052 1933 1116; x_wconf 84' lang='lat' dir='ltr'><strong>Romanorum</strong></span> <span class='ocrx_word' id='word_1_77' title='bbox 1994 1053 2407 1122; x_wconf 77' lang='lat' dir='ltr'><strong>dederentur,</strong></span> 
     </span>
     <span class='ocr_line' id='line_1_12' title="bbox 327 1132 2407 1217; baseline 0 -25"><span class='ocrx_word' id='word_1_78' title='bbox 327 1134 713 1196; x_wconf 82' lang='lat' dir='ltr'><strong>avertissent</strong></span> <span class='ocrx_word' id='word_1_79' title='bbox 771 1132 1057 1196; x_wconf 83' lang='lat' dir='ltr'><strong>colonias</strong></span> <span class='ocrx_word' id='word_1_80' title='bbox 1120 1155 1153 1192; x_wconf 88' lang='lat' dir='ltr'><strong>a</strong></span> <span class='ocrx_word' id='word_1_81' title='bbox 1196 1135 1484 1195; x_wconf 86' lang='lat' dir='ltr'><strong>consiliis</strong></span> <span class='ocrx_word' id='word_1_82' title='bbox 1522 1133 1725 1216; x_wconf 80' lang='lat' dir='ltr'><strong>pacis.</strong></span> <span class='ocrx_word' id='word_1_83' title='bbox 1805 1135 2031 1217; x_wconf 81' lang='lat' dir='ltr'><strong>Neque</strong></span> <span class='ocrx_word' id='word_1_84' title='bbox 2077 1134 2143 1192; x_wconf 85' lang='lat' dir='ltr'><strong>in</strong></span> <span class='ocrx_word' id='word_1_85' title='bbox 2188 1148 2407 1194; x_wconf 82' lang='lat' dir='ltr'><strong>senatu</strong></span> 
     </span>
     <span class='ocr_line' id='line_1_13' title="bbox 327 1210 2404 1308; baseline 0 -36"><span class='ocrx_word' id='word_1_86' title='bbox 327 1213 532 1274; x_wconf 81' lang='lat' dir='ltr'><strong>solum</strong></span> <span class='ocrx_word' id='word_1_87' title='bbox 570 1233 690 1308; x_wconf 84' lang='lat' dir='ltr'><strong>per</strong></span> <span class='ocrx_word' id='word_1_88' title='bbox 731 1234 844 1274; x_wconf 89' lang='lat' dir='ltr'><strong>eos</strong></span> <span class='ocrx_word' id='word_1_89' title='bbox 887 1211 1123 1296; x_wconf 80' lang='lat' dir='ltr'><strong>legatio</strong></span> <span class='ocrx_word' id='word_1_90' title='bbox 1166 1210 1450 1294; x_wconf 78' lang='lat' dir='ltr'><strong>inpedita</strong></span> <span class='ocrx_word' id='word_1_91' title='bbox 1493 1227 1613 1290; x_wconf 89' lang='lat' dir='ltr'><strong>est,</strong></span> <span class='ocrx_word' id='word_1_92' title='bbox 1658 1211 1777 1274; x_wconf 85' lang='lat' dir='ltr'><strong>sed</strong></span> <span class='ocrx_word' id='word_1_93' title='bbox 1814 1235 2037 1296; x_wconf 83' lang='lat' dir='ltr'><strong>magna</strong></span> <span class='ocrx_word' id='word_1_94' title='bbox 2080 1233 2234 1294; x_wconf 85' lang='lat' dir='ltr'><strong>pars</strong></span> <span class='ocrx_word' id='word_1_95' title='bbox 2274 1214 2404 1294; x_wconf 81' lang='lat' dir='ltr'><strong>ple-</strong></span> 
     </span>
     <span class='ocr_line' id='line_1_14' title="bbox 327 1281 2407 1389; baseline 0 -36"><span class='ocrx_word' id='word_1_96' title='bbox 327 1281 426 1353; x_wconf 78' lang='lat' dir='ltr'><strong>bis</strong></span> <span class='ocrx_word' id='word_1_97' title='bbox 471 1288 764 1366; x_wconf 79' lang='lat' dir='ltr'><strong>incitata,</strong></span> <span class='ocrx_word' id='word_1_98' title='bbox 829 1305 898 1354; x_wconf 87' lang='lat' dir='ltr'><strong>ut</strong></span> <span class='ocrx_word' id='word_1_99' title='bbox 940 1289 1307 1389; x_wconf 83' lang='lat' dir='ltr'><strong>praedatum</strong></span> <span class='ocrx_word' id='word_1_100' title='bbox 1351 1295 1418 1354; x_wconf 88' lang='lat' dir='ltr'><strong>in</strong></span> <span class='ocrx_word' id='word_1_101' title='bbox 1458 1313 1680 1376; x_wconf 86' lang='lat' dir='ltr'><strong>agrum</strong></span> <span class='ocrx_word' id='word_1_102' title='bbox 1722 1295 2075 1355; x_wconf 79' lang='lat' dir='ltr'><strong>Romanum</strong></span> <span class='ocrx_word' id='word_1_103' title='bbox 2136 1295 2407 1354; x_wconf 81' lang='lat' dir='ltr'><strong>exirent.</strong></span> 
     </span>
     <span class='ocr_line' id='line_1_15' title="bbox 327 1369 2405 1456; baseline 0.002 -26"><span class='ocrx_word' id='word_1_104' title='bbox 327 1369 486 1434; x_wconf 86' lang='lat' dir='ltr'><strong>haec</strong></span> <span class='ocrx_word' id='word_1_105' title='bbox 545 1395 708 1436; x_wconf 86' lang='lat' dir='ltr'><strong>nova</strong></span> <span class='ocrx_word' id='word_1_106' title='bbox 769 1369 1018 1453; x_wconf 49' lang='lat' dir='ltr'><strong>injuria*</strong></span> <span class='ocrx_word' id='word_1_107' title='bbox 1055 1375 1417 1438; x_wconf 77' lang='lat' dir='ltr'><strong>exturbavit</strong></span> <span class='ocrx_word' id='word_1_108' title='bbox 1474 1393 1725 1434; x_wconf 82' lang='lat' dir='ltr'><strong>omnem</strong></span> <span class='ocrx_word' id='word_1_109' title='bbox 1784 1395 1964 1456; x_wconf 75' lang='lat' dir='ltr'><strong>spem</strong></span> <span class='ocrx_word' id='word_1_110' title='bbox 2026 1373 2230 1452; x_wconf 79' lang='lat' dir='ltr'><strong>pacis.</strong></span> <span class='ocrx_word' id='word_1_111' title='bbox 2310 1375 2405 1434; x_wconf 88' lang='lat' dir='ltr'><strong>De</strong></span> 
     </span>
     <span class='ocr_line' id='line_1_16' title="bbox 329 1452 2404 1540; baseline 0.001 -28"><span class='ocrx_word' id='word_1_112' title='bbox 329 1453 896 1515; x_wconf 86' lang='lat' dir='ltr'><strong>Praenestinorum</strong></span> <span class='ocrx_word' id='word_1_113' title='bbox 933 1467 1204 1540; x_wconf 70' lang='lat' dir='ltr'><strong>‘quoque‘</strong></span> <span class='ocrx_word' id='word_1_114' title='bbox 1241 1452 1610 1516; x_wconf 79' lang='lat' dir='ltr'><strong>desectione</strong></span> <span class='ocrx_word' id='word_1_115' title='bbox 1666 1473 1745 1514; x_wconf 91' lang='lat' dir='ltr'><strong>eo</strong></span> <span class='ocrx_word' id='word_1_116' title='bbox 1786 1475 1951 1518; x_wconf 82' lang='lat' dir='ltr'><strong>auno</strong></span> <span class='ocrx_word' id='word_1_117' title='bbox 1992 1453 2277 1532; x_wconf 81' lang='lat' dir='ltr'><strong>primum</strong></span> <span class='ocrx_word' id='word_1_118' title='bbox 2318 1454 2404 1514; x_wconf 85' lang='lat' dir='ltr'><strong>sa-</strong></span> 
     </span>
     <span class='ocr_line' id='line_1_17' title="bbox 234 1533 2405 1616; baseline 0 -23"><span class='ocrx_word' id='word_1_119' title='bbox 234 1555 256 1616; x_wconf 32' lang='lat'><strong>&#39;¹</strong></span> <span class='ocrx_word' id='word_1_120' title='bbox 326 1553 424 1593; x_wconf 88' lang='lat' dir='ltr'><strong>ma</strong></span> <span class='ocrx_word' id='word_1_121' title='bbox 469 1545 720 1594; x_wconf 83' lang='lat' dir='ltr'><strong>exorta:</strong></span> <span class='ocrx_word' id='word_1_122' title='bbox 765 1533 1309 1616; x_wconf 81' lang='lat' dir='ltr'><strong>arguentibusque</strong></span> <span class='ocrx_word' id='word_1_123' title='bbox 1350 1554 1463 1594; x_wconf 89' lang='lat' dir='ltr'><strong>eos</strong></span> <span class='ocrx_word' id='word_1_124' title='bbox 1508 1533 1882 1594; x_wconf 84' lang='lat' dir='ltr'><strong>Tusculanis</strong></span> <span class='ocrx_word' id='word_1_125' title='bbox 1925 1547 1990 1596; x_wconf 83' lang='lat' dir='ltr'><strong>et</strong></span> <span class='ocrx_word' id='word_1_126' title='bbox 2032 1533 2309 1594; x_wconf 83' lang='lat' dir='ltr'><strong>Gabinis</strong></span> <span class='ocrx_word' id='word_1_127' title='bbox 2348 1547 2405 1594; x_wconf 83' lang='lat' dir='ltr'><strong>et</strong></span> 
     </span>
     <span class='ocr_line' id='line_1_18' title="bbox 328 1609 2405 1694; baseline 0.001 -22"><span class='ocrx_word' id='word_1_128' title='bbox 328 1611 696 1684; x_wconf 79' lang='lat' dir='ltr'><strong>Lavicanis,</strong></span> <span class='ocrx_word' id='word_1_129' title='bbox 743 1609 1014 1694; x_wconf 79' lang='lat' dir='ltr'><strong>quorum</strong></span> <span class='ocrx_word' id='word_1_130' title='bbox 1053 1614 1122 1672; x_wconf 85' lang='lat' dir='ltr'><strong>in</strong></span> <span class='ocrx_word' id='word_1_131' title='bbox 1163 1613 1327 1674; x_wconf 78' lang='lat' dir='ltr'><strong>fines</strong></span> <span class='ocrx_word' id='word_1_132' title='bbox 1370 1614 1758 1674; x_wconf 86' lang='lat' dir='ltr'><strong>incursatum</strong></span> <span class='ocrx_word' id='word_1_133' title='bbox 1801 1627 1973 1686; x_wconf 86' lang='lat' dir='ltr'><strong>erat,</strong></span> <span class='ocrx_word' id='word_1_134' title='bbox 2020 1613 2105 1674; x_wconf 84' lang='lat' dir='ltr'><strong>ita</strong></span> <span class='ocrx_word' id='word_1_135' title='bbox 2148 1613 2405 1693; x_wconf 80' lang='lat' dir='ltr'><strong>placide</strong></span> 
     </span>
     <span class='ocr_line' id='line_1_19' title="bbox 319 1691 2401 1772; baseline 0.002 -22"><span class='ocrx_word' id='word_1_136' title='bbox 319 1691 402 1758; x_wconf 65' lang='lat' dir='ltr'><strong>‚ab</strong></span> <span class='ocrx_word' id='word_1_137' title='bbox 444 1705 666 1754; x_wconf 65' lang='lat' dir='ltr'><strong>semum</strong></span> <span class='ocrx_word' id='word_1_138' title='bbox 709 1711 1092 1772; x_wconf 84' lang='lat' dir='ltr'><strong>responsum</strong></span> <span class='ocrx_word' id='word_1_139' title='bbox 1133 1707 1260 1766; x_wconf 85' lang='lat' dir='ltr'><strong>est,</strong></span> <span class='ocrx_word' id='word_1_140' title='bbox 1308 1708 1377 1754; x_wconf 88' lang='lat' dir='ltr'><strong>ut</strong></span> <span class='ocrx_word' id='word_1_141' title='bbox 1408 1693 1623 1755; x_wconf 78' lang='lat' dir='ltr'><strong>&#39;minus</strong></span> <span class='ocrx_word' id='word_1_142' title='bbox 1668 1691 1845 1754; x_wconf 89' lang='lat' dir='ltr'><strong>credi</strong></span> <span class='ocrx_word' id='word_1_143' title='bbox 1886 1693 1967 1754; x_wconf 87' lang='lat' dir='ltr'><strong>de</strong></span> <span class='ocrx_word' id='word_1_144' title='bbox 2006 1693 2401 1766; x_wconf 80' lang='lat' dir='ltr'><strong>criminibus,</strong></span> 
     </span>
     <span class='ocr_line' id='line_1_20' title="bbox 327 1771 2407 1858; baseline 0.002 -29"><span class='ocrx_word' id='word_1_145' title='bbox 327 1771 473 1858; x_wconf 80' lang='lat' dir='ltr'><strong>quia</strong></span> <span class='ocrx_word' id='word_1_146' title='bbox 515 1773 764 1832; x_wconf 85' lang='lat' dir='ltr'><strong>nollent</strong></span> <span class='ocrx_word' id='word_1_147' title='bbox 803 1793 875 1834; x_wconf 84' lang='lat' dir='ltr'><strong>ea</strong></span> <span class='ocrx_word' id='word_1_148' title='bbox 915 1793 1067 1836; x_wconf 83' lang='lat' dir='ltr'><strong>vera</strong></span> <span class='ocrx_word' id='word_1_149' title='bbox 1110 1793 1277 1844; x_wconf 86' lang='lat' dir='ltr'><strong>esse,</strong></span> <span class='ocrx_word' id='word_1_150' title='bbox 1322 1774 1687 1852; x_wconf 82' lang='lat' dir='ltr'><strong>adpareret.</strong></span> <span class='ocrx_word' id='word_1_151' title='bbox 2399 1825 2407 1833; x_wconf 95' lang='lat'><strong>.</strong></span> 
     </span>
     <span class='ocr_line' id='line_1_21' title="bbox 367 1853 2403 1936; baseline -0.001 -24"><span class='ocrx_word' id='word_1_152' title='bbox 367 1865 437 1919; x_wconf 81' lang='lat' dir='ltr'><strong>U.</strong></span> <span class='ocrx_word' id='word_1_153' title='bbox 475 1885 520 1918; x_wconf 84' lang='lat' dir='ltr'><strong>c.</strong></span> <span class='ocrx_word' id='word_1_154' title='bbox 563 1867 678 1931; x_wconf 71' lang='lat'><strong>375,</strong></span> <span class='ocrx_word' id='word_1_155' title='bbox 893 1871 900 1880; x_wconf 89' lang='lat'><strong>·</strong></span> <span class='ocrx_word' id='word_1_156' title='bbox 988 1853 1185 1914; x_wconf 82' lang='lat' dir='ltr'><strong>xxn.</strong></span> <span class='ocrx_word' id='word_1_157' title='bbox 1269 1855 1637 1936; x_wconf 80' lang='lat' dir='ltr'><strong>Insequenti</strong></span> <span class='ocrx_word' id='word_1_158' title='bbox 1694 1872 1859 1914; x_wconf 85' lang='lat' dir='ltr'><strong>anuo</strong></span> <span class='ocrx_word' id='word_1_159' title='bbox 1888 1853 2013 1932; x_wconf 80' lang='lat' dir='ltr'><strong>sp.</strong></span> <span class='ocrx_word' id='word_1_160' title='bbox 2060 1867 2127 1914; x_wconf 85' lang='lat' dir='ltr'><strong>et</strong></span> <span class='ocrx_word' id='word_1_161' title='bbox 2168 1853 2243 1911; x_wconf 89' lang='lat' dir='ltr'><strong>L.</strong></span> <span class='ocrx_word' id='word_1_162' title='bbox 2286 1854 2403 1912; x_wconf 76' lang='lat' dir='ltr'><strong>Pa-</strong></span> 
     </span>
     <span class='ocr_line' id='line_1_22' title="bbox 363 1931 2401 2014; baseline 0.003 -30"><span class='ocrx_word' id='word_1_163' title='bbox 363 1953 410 1984; x_wconf 79' lang='lat' dir='ltr'><strong>a.</strong></span> <span class='ocrx_word' id='word_1_164' title='bbox 449 1933 508 1986; x_wconf 91' lang='lat' dir='ltr'><strong>C.</strong></span> <span class='ocrx_word' id='word_1_165' title='bbox 549 1936 666 2004; x_wconf 75' lang='lat'><strong>379.</strong></span> <span class='ocrx_word' id='word_1_166' title='bbox 817 1931 993 2014; x_wconf 81' lang='lat' dir='ltr'><strong>pirii,</strong></span> <span class='ocrx_word' id='word_1_167' title='bbox 1041 1934 1188 1994; x_wconf 82' lang='lat' dir='ltr'><strong>novi</strong></span> <span class='ocrx_word' id='word_1_168' title='bbox 1237 1933 1477 2004; x_wconf 81' lang='lat' dir='ltr'><strong>tribuni</strong></span> <span class='ocrx_word' id='word_1_169' title='bbox 1520 1933 1789 1995; x_wconf 86' lang='lat' dir='ltr'><strong>militum</strong></span> <span class='ocrx_word' id='word_1_170' title='bbox 1832 1933 2154 1992; x_wconf 83' lang='lat' dir='ltr'><strong>consulari</strong></span> <span class='ocrx_word' id='word_1_171' title='bbox 2188 1946 2401 2012; x_wconf 75' lang='lat' dir='ltr'><strong>potes·</strong></span> 
     </span>
     <span class='ocr_line' id='line_1_23' title="bbox 324 2011 2403 2097; baseline 0.001 -29"><span class='ocrx_word' id='word_1_172' title='bbox 324 2023 488 2082; x_wconf 82' lang='lat' dir='ltr'><strong>tate,</strong></span> <span class='ocrx_word' id='word_1_173' title='bbox 568 2011 848 2074; x_wconf 81' lang='lat' dir='ltr'><strong>Velitras</strong></span> <span class='ocrx_word' id='word_1_174' title='bbox 891 2013 1181 2096; x_wconf 79' lang='lat' dir='ltr'><strong>legiones</strong></span> <span class='ocrx_word' id='word_1_175' title='bbox 1224 2011 1504 2088; x_wconf 74' lang='lat' dir='ltr'><strong>duxere-&#39;3</strong></span> <span class='ocrx_word' id='word_1_176' title='bbox 1588 2027 1857 2097; x_wconf 79' lang='lat' dir='ltr'><strong>quatuor</strong></span> <span class='ocrx_word' id='word_1_177' title='bbox 1894 2012 2203 2094; x_wconf 81' lang='lat' dir='ltr'><strong>collegis,</strong></span> <span class='ocrx_word' id='word_1_178' title='bbox 2264 2015 2403 2074; x_wconf 85' lang='lat' dir='ltr'><strong>Ser.</strong></span> 
     </span>
    </p>
   </div>
   <div class='ocr_carea' id='block_1_3' title="bbox 207 2087 2401 2184">
    <p class='ocr_par' dir='ltr' id='par_1_3' title="bbox 207 2087 2401 2184">
     <span class='ocr_line' id='line_1_24' title="bbox 207 2087 2401 2184; baseline 0 -34"><span class='ocrx_word' id='word_1_179' title='bbox 207 2123 217 2130; x_wconf 94' lang='lat'><strong>·</strong></span> <span class='ocrx_word' id='word_1_180' title='bbox 297 2089 626 2166; x_wconf 29' lang='lat' dir='ltr'><strong>&#39;Cornelio</strong></span> <span class='ocrx_word' id='word_1_181' title='bbox 670 2093 1112 2176; x_wconf 55' lang='lat' dir='ltr'><strong>Maluoinense</strong></span> <span class='ocrx_word' id='word_1_182' title='bbox 1155 2109 1484 2178; x_wconf 84' lang='lat' dir='ltr'><strong>quartum,</strong></span> <span class='ocrx_word' id='word_1_183' title='bbox 1530 2091 1611 2184; x_wconf 75' lang='lat' dir='ltr'><strong>Q.</strong></span> <span class='ocrx_word' id='word_1_184' title='bbox 1657 2087 1956 2163; x_wconf 79' lang='lat' dir='ltr'><strong>Servilio,</strong></span> <span class='ocrx_word' id='word_1_185' title='bbox 2006 2095 2149 2156; x_wconf 84' lang='lat' dir='ltr'><strong>Ser.</strong></span> <span class='ocrx_word' id='word_1_186' title='bbox 2194 2093 2401 2173; x_wconf 83' lang='lat' dir='ltr'><strong>Sulpi·</strong></span> 
     </span>
    </p>
   </div>
   <div class='ocr_carea' id='block_1_4' title="bbox 253 2169 2404 2821">
    <p class='ocr_par' dir='ltr' id='par_1_4' title="bbox 253 2169 2404 2821">
     <span class='ocr_line' id='line_1_25' title="bbox 253 2169 2401 2266; baseline 0.001 -38"><span class='ocrx_word' id='word_1_187' title='bbox 253 2239 260 2252; x_wconf 30' lang='grc' dir='ltr'><strong><em>Ι</em></strong></span> <span class='ocrx_word' id='word_1_188' title='bbox 327 2169 464 2246; x_wconf 81' lang='lat' dir='ltr'><strong>cio,</strong></span> <span class='ocrx_word' id='word_1_189' title='bbox 506 2173 580 2230; x_wconf 90' lang='lat' dir='ltr'><strong>L.</strong></span> <span class='ocrx_word' id='word_1_190' title='bbox 625 2172 903 2234; x_wconf 81' lang='lat' dir='ltr'><strong>Aemilio</strong></span> <span class='ocrx_word' id='word_1_191' title='bbox 947 2187 1273 2258; x_wconf 80' lang='lat' dir='ltr'><strong>quartum,</strong></span> <span class='ocrx_word' id='word_1_192' title='bbox 1314 2173 1589 2234; x_wconf 83' lang='lat' dir='ltr'><strong>tribunis</strong></span> <span class='ocrx_word' id='word_1_193' title='bbox 1632 2175 1711 2234; x_wconf 78' lang='lat' dir='ltr'><strong>ad</strong></span> <span class='ocrx_word' id='word_1_194' title='bbox 1752 2171 2147 2266; x_wconf 77' lang='lat' dir='ltr'><strong>praesidium</strong></span> <span class='ocrx_word' id='word_1_195' title='bbox 2190 2173 2401 2237; x_wconf 79' lang='lat' dir='ltr'><strong>Urbis,</strong></span> 
     </span>
     <span class='ocr_line' id='line_1_26' title="bbox 324 2249 2403 2334; baseline 0 -25"><span class='ocrx_word' id='word_1_196' title='bbox 324 2263 390 2310; x_wconf 84' lang='lat' dir='ltr'><strong>et</strong></span> <span class='ocrx_word' id='word_1_197' title='bbox 437 2249 494 2312; x_wconf 86' lang='lat' dir='ltr'><strong>si</strong></span> <span class='ocrx_word' id='word_1_198' title='bbox 550 2252 658 2334; x_wconf 84' lang='lat' dir='ltr'><strong>qui</strong></span> <span class='ocrx_word' id='word_1_199' title='bbox 701 2275 796 2332; x_wconf 46' lang='lat' dir='ltr'><strong>‚ex</strong></span> <span class='ocrx_word' id='word_1_200' title='bbox 843 2255 1101 2316; x_wconf 80' lang='lat' dir='ltr'><strong>Etruria</strong></span> <span class='ocrx_word' id='word_1_201' title='bbox 1155 2253 1309 2316; x_wconf 79' lang='lat' dir='ltr'><strong>novi</strong></span> <span class='ocrx_word' id='word_1_202' title='bbox 1360 2265 1569 2315; x_wconf 84' lang='lat' dir='ltr'><strong>motus</strong></span> <span class='ocrx_word' id='word_1_203' title='bbox 1612 2265 2093 2322; x_wconf 77' lang='lat' dir='ltr'><strong>nuntiarentur,</strong></span> <span class='ocrx_word' id='word_1_204' title='bbox 2160 2251 2403 2326; x_wconf 82' lang='lat' dir='ltr'><strong>(omnia</strong></span> 
     </span>
     <span class='ocr_line' id='line_1_27' title="bbox 321 2329 2399 2416; baseline 0.002 -28"><span class='ocrx_word' id='word_1_205' title='bbox 321 2329 495 2393; x_wconf 86' lang='lat' dir='ltr'><strong>enim</strong></span> <span class='ocrx_word' id='word_1_206' title='bbox 537 2330 690 2392; x_wconf 89' lang='lat' dir='ltr'><strong>inde</strong></span> <span class='ocrx_word' id='word_1_207' title='bbox 745 2341 1069 2416; x_wconf 78' lang='lat' dir='ltr'><strong>suspecta‘</strong></span> <span class='ocrx_word' id='word_1_208' title='bbox 1102 2335 1311 2408; x_wconf 85' lang='lat' dir='ltr'><strong>erant)</strong></span> <span class='ocrx_word' id='word_1_209' title='bbox 1354 2332 1627 2394; x_wconf 82' lang='lat' dir='ltr'><strong>relictis.</strong></span> <span class='ocrx_word' id='word_1_210' title='bbox 1710 2333 1811 2394; x_wconf 81' lang='lat' dir='ltr'><strong>Ad</strong></span> <span class='ocrx_word' id='word_1_211' title='bbox 1850 2332 2132 2395; x_wconf 80' lang='lat' dir='ltr'><strong>Velitras</strong></span> <span class='ocrx_word' id='word_1_212' title='bbox 2178 2332 2399 2394; x_wconf 75' lang='lat' dir='ltr'><strong>adver-</strong></span> 
     </span>
     <span class='ocr_line' id='line_1_28' title="bbox 321 2411 2404 2495; baseline 0.002 -27"><span class='ocrx_word' id='word_1_213' title='bbox 321 2429 426 2470; x_wconf 83' lang='lat' dir='ltr'><strong>sus</strong></span> <span class='ocrx_word' id='word_1_214' title='bbox 477 2411 719 2492; x_wconf 85' lang='lat' dir='ltr'><strong>majora</strong></span> <span class='ocrx_word' id='word_1_215' title='bbox 776 2433 946 2494; x_wconf 89' lang='lat' dir='ltr'><strong>pene</strong></span> <span class='ocrx_word' id='word_1_216' title='bbox 1003 2413 1238 2492; x_wconf 80' lang='lat' dir='ltr'><strong>auxilia</strong></span> <span class='ocrx_word' id='word_1_217' title='bbox 1280 2413 1889 2482; x_wconf 77' lang='lat' dir='ltr'><strong>Praenestinorum,</strong></span> <span class='ocrx_word' id='word_1_218' title='bbox 1954 2433 2143 2495; x_wconf 85' lang='lat' dir='ltr'><strong>quam</strong></span> <span class='ocrx_word' id='word_1_219' title='bbox 2203 2413 2404 2492; x_wconf 81' lang='lat' dir='ltr'><strong>ipsam</strong></span> 
     </span>
     <span class='ocr_line' id='line_1_29' title="bbox 319 2489 2399 2574; baseline 0.002 -26"><span class='ocrx_word' id='word_1_220' title='bbox 319 2489 694 2568; x_wconf 70' lang='lat' dir='ltr'><strong>colonorum</strong></span> <span class='ocrx_word' id='word_1_221' title='bbox 724 2493 1218 2566; x_wconf 77' lang='lat' dir='ltr'><strong>multitudinem,</strong></span> <span class='ocrx_word' id='word_1_222' title='bbox 1263 2491 1547 2555; x_wconf 79' lang='lat' dir='ltr'><strong>secundo</strong></span> <span class='ocrx_word' id='word_1_223' title='bbox 1590 2490 1842 2574; x_wconf 87' lang='lat' dir='ltr'><strong>proelio</strong></span> <span class='ocrx_word' id='word_1_224' title='bbox 1878 2505 2229 2572; x_wconf 83' lang='lat' dir='ltr'><strong>pugnatum</strong></span> <span class='ocrx_word' id='word_1_225' title='bbox 2274 2510 2399 2568; x_wconf 79' lang='lat' dir='ltr'><strong>est3</strong></span> 
     </span>
     <span class='ocr_line' id='line_1_30' title="bbox 319 2569 2399 2656; baseline 0.004 -30"><span class='ocrx_word' id='word_1_226' title='bbox 319 2569 407 2628; x_wconf 84' lang='lat' dir='ltr'><strong>ita</strong></span> <span class='ocrx_word' id='word_1_227' title='bbox 467 2584 537 2632; x_wconf 90' lang='lat' dir='ltr'><strong>ut</strong></span> <span class='ocrx_word' id='word_1_228' title='bbox 577 2573 1027 2656; x_wconf 78' lang='lat' dir='ltr'><strong>propinquitas</strong></span> <span class='ocrx_word' id='word_1_229' title='bbox 1070 2572 1256 2634; x_wconf 84' lang='lat' dir='ltr'><strong>urbis</strong></span> <span class='ocrx_word' id='word_1_230' title='bbox 1298 2573 1473 2634; x_wconf 82' lang='lat' dir='ltr'><strong>hosti</strong></span> <span class='ocrx_word' id='word_1_231' title='bbox 1532 2583 1599 2633; x_wconf 91' lang='lat' dir='ltr'><strong>et</strong></span> <span class='ocrx_word' id='word_1_232' title='bbox 1638 2593 1853 2635; x_wconf 80' lang='lat' dir='ltr'><strong>caussa</strong></span> <span class='ocrx_word' id='word_1_233' title='bbox 1893 2571 2263 2634; x_wconf 78' lang='lat' dir='ltr'><strong>maturioris</strong></span> <span class='ocrx_word' id='word_1_234' title='bbox 2304 2572 2399 2634; x_wconf 81' lang='lat' dir='ltr'><strong>fu-</strong></span> 
     </span>
     <span class='ocr_line' id='line_1_31' title="bbox 297 2651 2399 2734; baseline 0.002 -26"><span class='ocrx_word' id='word_1_235' title='bbox 297 2667 474 2728; x_wconf 69' lang='lat' dir='ltr'><strong>gae,</strong></span> <span class='ocrx_word' id='word_1_236' title='bbox 533 2664 597 2712; x_wconf 91' lang='lat' dir='ltr'><strong>et</strong></span> <span class='ocrx_word' id='word_1_237' title='bbox 637 2673 828 2712; x_wconf 88' lang='lat' dir='ltr'><strong>unum</strong></span> <span class='ocrx_word' id='word_1_238' title='bbox 875 2673 952 2713; x_wconf 85' lang='lat' dir='ltr'><strong>ex</strong></span> <span class='ocrx_word' id='word_1_239' title='bbox 1008 2652 1156 2734; x_wconf 81' lang='lat' dir='ltr'><strong>fuga</strong></span> <span class='ocrx_word' id='word_1_240' title='bbox 1198 2652 1671 2733; x_wconf 80' lang='lat' dir='ltr'><strong>receptaculum</strong></span> <span class='ocrx_word' id='word_1_241' title='bbox 1716 2665 1909 2715; x_wconf 83' lang='lat' dir='ltr'><strong>esset.</strong></span> <span class='ocrx_word' id='word_1_242' title='bbox 1992 2651 2247 2732; x_wconf 83' lang='lat' dir='ltr'><strong>Oppidi</strong></span> <span class='ocrx_word' id='word_1_243' title='bbox 2290 2653 2399 2713; x_wconf 83' lang='lat' dir='ltr'><strong>ob-</strong></span> 
     </span>
     <span class='ocr_line' id='line_1_32' title="bbox 317 2730 2401 2821; baseline 0.002 -33"><span class='ocrx_word' id='word_1_244' title='bbox 317 2730 709 2821; x_wconf 75' lang='lat' dir='ltr'><strong>pugnatione</strong></span> <span class='ocrx_word' id='word_1_245' title='bbox 752 2731 993 2817; x_wconf 55' lang='lat' dir='ltr'><strong>tribuni</strong></span> <span class='ocrx_word' id='word_1_246' title='bbox 1035 2733 1403 2794; x_wconf 77' lang='lat' dir='ltr'><strong>abstinuere</strong></span> <span class='ocrx_word' id='word_1_247' title='bbox 1428 2776 1444 2806; x_wconf 91' lang='lat'><strong>,</strong></span> <span class='ocrx_word' id='word_1_248' title='bbox 1492 2733 1639 2814; x_wconf 83' lang='lat' dir='ltr'><strong>quia</strong></span> <span class='ocrx_word' id='word_1_249' title='bbox 1682 2746 1747 2792; x_wconf 88' lang='lat' dir='ltr'><strong>et</strong></span> <span class='ocrx_word' id='word_1_250' title='bbox 1787 2752 2023 2813; x_wconf 85' lang='lat' dir='ltr'><strong>anceps</strong></span> <span class='ocrx_word' id='word_1_251' title='bbox 2066 2746 2237 2802; x_wconf 87' lang='lat' dir='ltr'><strong>erat,</strong></span> <span class='ocrx_word' id='word_1_252' title='bbox 2284 2753 2401 2793; x_wconf 85' lang='lat' dir='ltr'><strong>nec</strong></span> 
     </span>
    </p>
   </div>
   <div class='ocr_carea' id='block_1_5' title="bbox 319 2811 2422 2894">
    <p class='ocr_par' dir='ltr' id='par_1_5' title="bbox 319 2811 2422 2894">
     <span class='ocr_line' id='line_1_33' title="bbox 319 2811 2422 2894; baseline 0.005 -28"><span class='ocrx_word' id='word_1_253' title='bbox 319 2827 385 2867; x_wconf 86' lang='lat' dir='ltr'><strong>m</strong></span> <span class='ocrx_word' id='word_1_254' title='bbox 443 2811 806 2891; x_wconf 86' lang='lat' dir='ltr'><strong>perniciem</strong></span> <span class='ocrx_word' id='word_1_255' title='bbox 873 2811 1164 2874; x_wconf 85' lang='lat' dir='ltr'><strong>coloniae</strong></span> <span class='ocrx_word' id='word_1_256' title='bbox 1223 2811 1628 2894; x_wconf 72' lang='lat' dir='ltr'><strong>pugnandum</strong></span> <span class='ocrx_word' id='word_1_257' title='bbox 1688 2811 2059 2874; x_wconf 85' lang='lat' dir='ltr'><strong>censebant.</strong></span> <span class='ocrx_word' id='word_1_258' title='bbox 2140 2811 2422 2877; x_wconf 83' lang='lat' dir='ltr'><strong>Literae.</strong></span> 
     </span>
    </p>
   </div>
   <div class='ocr_carea' id='block_1_6' title="bbox 301 2889 2403 4014">
    <p class='ocr_par' dir='ltr' id='par_1_6' title="bbox 301 2889 2403 3532">
     <span class='ocr_line' id='line_1_34' title="bbox 301 2889 2401 2963; baseline 0.001 -15"><span class='ocrx_word' id='word_1_259' title='bbox 301 2889 578 2952; x_wconf 84' lang='lat' dir='ltr'><strong>&#39;Romam</strong></span> <span class='ocrx_word' id='word_1_260' title='bbox 633 2889 712 2951; x_wconf 85' lang='lat' dir='ltr'><strong>ad</strong></span> <span class='ocrx_word' id='word_1_261' title='bbox 767 2905 1050 2954; x_wconf 82' lang='lat' dir='ltr'><strong>senatum</strong></span> <span class='ocrx_word' id='word_1_262' title='bbox 1109 2913 1251 2954; x_wconf 86' lang='lat' dir='ltr'><strong>cum</strong></span> <span class='ocrx_word' id='word_1_263' title='bbox 1304 2892 1613 2954; x_wconf 78' lang='lat' dir='ltr'><strong>victoriae</strong></span> <span class='ocrx_word' id='word_1_264' title='bbox 1652 2893 1926 2963; x_wconf 88' lang='lat' dir='ltr'><strong>nuntiis,</strong></span> <span class='ocrx_word' id='word_1_265' title='bbox 1990 2891 2281 2952; x_wconf 81' lang='lat' dir='ltr'><strong>acriores</strong></span> <span class='ocrx_word' id='word_1_266' title='bbox 2338 2892 2401 2951; x_wconf 88' lang='lat' dir='ltr'><strong>in</strong></span> 
     </span>
     <span class='ocr_line' id='line_1_35' title="bbox 317 2969 2400 3055; baseline 0.002 -27"><span class='ocrx_word' id='word_1_267' title='bbox 317 2969 825 3043; x_wconf 86' lang='lat' dir='ltr'><strong>Praenestinum,</strong></span> <span class='ocrx_word' id='word_1_268' title='bbox 870 2992 1052 3055; x_wconf 86' lang='lat' dir='ltr'><strong>quam</strong></span> <span class='ocrx_word' id='word_1_269' title='bbox 1093 2972 1159 3032; x_wconf 90' lang='lat' dir='ltr'><strong>in</strong></span> <span class='ocrx_word' id='word_1_270' title='bbox 1201 2972 1607 3040; x_wconf 85' lang='lat' dir='ltr'><strong>Veliternum</strong></span> <span class='ocrx_word' id='word_1_271' title='bbox 1644 2971 1918 3040; x_wconf 78' lang='lat' dir='ltr'><strong>hostem,</strong></span> <span class='ocrx_word' id='word_1_272' title='bbox 1962 2969 2216 3032; x_wconf 81' lang='lat' dir='ltr'><strong>missae.</strong></span> <span class='ocrx_word' id='word_1_273' title='bbox 2282 2974 2400 3032; x_wconf 85' lang='lat' dir='ltr'><strong>lta-</strong></span> 
     </span>
     <span class='ocr_line' id='line_1_36' title="bbox 317 3049 2400 3144; baseline 0.001 -34"><span class='ocrx_word' id='word_1_274' title='bbox 317 3056 443 3144; x_wconf 75' lang='lat' dir='ltr'><strong>q&#39;ue</strong></span> <span class='ocrx_word' id='word_1_275' title='bbox 499 3070 577 3110; x_wconf 81' lang='lat' dir='ltr'><strong>ex</strong></span> <span class='ocrx_word' id='word_1_276' title='bbox 621 3052 1164 3113; x_wconf 81' lang='lat' dir='ltr'><strong>senatusconsulto</strong></span> <span class='ocrx_word' id='word_1_277' title='bbox 1217 3052 1567 3136; x_wconf 82' lang='lat' dir='ltr'><strong>populique</strong></span> <span class='ocrx_word' id='word_1_278' title='bbox 1606 3049 1781 3128; x_wconf 74' lang='lat' dir='ltr'><strong>iussu</strong></span> <span class='ocrx_word' id='word_1_279' title='bbox 1804 3049 2043 3114; x_wconf 85' lang='lat' dir='ltr'><strong>bellum</strong></span> <span class='ocrx_word' id='word_1_280' title='bbox 2084 3054 2400 3112; x_wconf 82' lang='lat' dir='ltr'><strong>Praenes-</strong></span> 
     </span>
     <span class='ocr_line' id='line_1_37' title="bbox 316 3128 2398 3218; baseline 0.001 -30"><span class='ocrx_word' id='word_1_281' title='bbox 316 3128 474 3191; x_wconf 77' lang='lat' dir='ltr'><strong>unis</strong></span> <span class='ocrx_word' id='word_1_282' title='bbox 515 3129 832 3206; x_wconf 34' lang='lat' dir='ltr'><strong>indictum·</strong></span> <span class='ocrx_word' id='word_1_283' title='bbox 847 3152 866 3208; x_wconf 82' lang='lat'>3</span> <span class='ocrx_word' id='word_1_284' title='bbox 931 3132 1074 3218; x_wconf 87' lang='lat' dir='ltr'><strong>qui,</strong></span> <span class='ocrx_word' id='word_1_285' title='bbox 1121 3130 1445 3212; x_wconf 85' lang='lat' dir='ltr'><strong>conjuncti</strong></span> <span class='ocrx_word' id='word_1_286' title='bbox 1486 3131 1764 3202; x_wconf 75' lang='lat' dir='ltr'><strong>Volscis,</strong></span> <span class='ocrx_word' id='word_1_287' title='bbox 1810 3151 1975 3192; x_wconf 82' lang='lat' dir='ltr'><strong>anno</strong></span> <span class='ocrx_word' id='word_1_288' title='bbox 2016 3131 2398 3212; x_wconf 83' lang='lat' dir='ltr'><strong>insequente</strong></span> 
     </span>
     <span class='ocr_line' id='line_1_38' title="bbox 318 3209 2397 3292; baseline 0 -22"><span class='ocrx_word' id='word_1_289' title='bbox 318 3209 651 3282; x_wconf 78' lang='lat' dir='ltr'><strong>Satricum,</strong></span> <span class='ocrx_word' id='word_1_290' title='bbox 697 3209 1013 3272; x_wconf 83' lang='lat' dir='ltr'><strong>coloniam</strong></span> <span class='ocrx_word' id='word_1_291' title='bbox 1053 3213 1282 3292; x_wconf 91' lang='lat' dir='ltr'><strong>populi</strong></span> <span class='ocrx_word' id='word_1_292' title='bbox 1316 3211 1589 3274; x_wconf 87' lang='lat' dir='ltr'><strong>Romani</strong></span> <span class='ocrx_word' id='word_1_293' title='bbox 1620 3211 2043 3292; x_wconf 75' lang='lat' dir='ltr'><strong>pertinaciter</strong></span> <span class='ocrx_word' id='word_1_294' title='bbox 2084 3233 2117 3269; x_wconf 86' lang='lat' dir='ltr'><strong>a</strong></span> <span class='ocrx_word' id='word_1_295' title='bbox 2152 3211 2397 3272; x_wconf 86' lang='lat' dir='ltr'><strong>colonis</strong></span> 
     </span>
     <span class='ocr_line' id='line_1_39' title="bbox 317 3287 2401 3385; baseline 0.002 -37"><span class='ocrx_word' id='word_1_296' title='bbox 317 3287 668 3364; x_wconf 76' lang='lat' dir='ltr'><strong>defensam,</strong></span> <span class='ocrx_word' id='word_1_297' title='bbox 710 3289 776 3350; x_wconf 84' lang='lat' dir='ltr'><strong>vi</strong></span> <span class='ocrx_word' id='word_1_298' title='bbox 816 3306 1280 3371; x_wconf 80' lang='lat' dir='ltr'><strong>expugnarunt,</strong></span> <span class='ocrx_word' id='word_1_299' title='bbox 1324 3291 1645 3385; x_wconf 71' lang='lat' dir='ltr'><strong>foedeque</strong></span> <span class='ocrx_word' id='word_1_300' title='bbox 1688 3290 1756 3350; x_wconf 88' lang='lat' dir='ltr'><strong>iu</strong></span> <span class='ocrx_word' id='word_1_301' title='bbox 1798 3291 2007 3384; x_wconf 77' lang='lat' dir='ltr'><strong>captis</strong></span> <span class='ocrx_word' id='word_1_302' title='bbox 2052 3309 2401 3352; x_wconf 84' lang='lat' dir='ltr'><strong>exercuere</strong></span> 
     </span>
     <span class='ocr_line' id='line_1_40' title="bbox 313 3367 2403 3460; baseline 0 -29"><span class='ocrx_word' id='word_1_303' title='bbox 313 3367 666 3431; x_wconf 70' lang='lat' dir='ltr'><strong>victoriam.</strong></span> <span class='ocrx_word' id='word_1_304' title='bbox 747 3369 904 3430; x_wconf 86' lang='lat' dir='ltr'><strong>Eam</strong></span> <span class='ocrx_word' id='word_1_305' title='bbox 961 3391 1099 3431; x_wconf 89' lang='lat' dir='ltr'><strong>rem</strong></span> <span class='ocrx_word' id='word_1_306' title='bbox 1159 3391 1352 3460; x_wconf 80' lang='lat' dir='ltr'><strong>aegre</strong></span> <span class='ocrx_word' id='word_1_307' title='bbox 1407 3391 1576 3452; x_wconf 81' lang='lat' dir='ltr'><strong>passi</strong></span> <span class='ocrx_word' id='word_1_308' title='bbox 1620 3371 1929 3444; x_wconf 85' lang='lat' dir='ltr'><strong>Romam,</strong></span> <span class='ocrx_word' id='word_1_309' title='bbox 1990 3373 2078 3432; x_wconf 82' lang='lat' dir='ltr'><strong>M.</strong></span> <span class='ocrx_word' id='word_1_310' title='bbox 2134 3371 2403 3432; x_wconf 81' lang='lat' dir='ltr'><strong>Furium</strong></span> 
     </span>
     <span class='ocr_line' id='line_1_41' title="bbox 349 3449 2403 3532; baseline -0.003 -15"><span class='ocrx_word' id='word_1_311' title='bbox 349 3463 423 3522; x_wconf 88' lang='lat' dir='ltr'><strong>U.</strong></span> <span class='ocrx_word' id='word_1_312' title='bbox 459 3481 507 3519; x_wconf 81' lang='lat' dir='ltr'><strong>c.</strong></span> <span class='ocrx_word' id='word_1_313' title='bbox 547 3464 664 3532; x_wconf 64' lang='lat'><strong><em>3710.</em></strong></span> <span class='ocrx_word' id='word_1_314' title='bbox 817 3451 1146 3512; x_wconf 84' lang='lat' dir='ltr'><strong>Camillum</strong></span> <span class='ocrx_word' id='word_1_315' title='bbox 1183 3452 1527 3532; x_wconf 88' lang='lat' dir='ltr'><strong>septimum</strong></span> <span class='ocrx_word' id='word_1_316' title='bbox 1552 3449 1883 3514; x_wconf 67' lang='lat' dir='ltr'><strong>tribunum</strong></span> <span class='ocrx_word' id='word_1_317' title='bbox 1918 3451 2197 3510; x_wconf 85' lang='lat' dir='ltr'><strong>militum</strong></span> <span class='ocrx_word' id='word_1_318' title='bbox 2224 3471 2403 3512; x_wconf 76' lang='lat' dir='ltr'><strong>erea-</strong></span> 
     </span>
    </p>

    <p class='ocr_par' dir='ltr' id='par_1_7' title="bbox 303 3529 2403 4014">
     <span class='ocr_line' id='line_1_42' title="bbox 355 3529 2401 3613; baseline 0 -23"><span class='ocrx_word' id='word_1_319' title='bbox 355 3551 403 3590; x_wconf 72' lang='lat' dir='ltr'><strong>a.</strong></span> <span class='ocrx_word' id='word_1_320' title='bbox 441 3533 506 3588; x_wconf 83' lang='lat' dir='ltr'><strong>G.</strong></span> <span class='ocrx_word' id='word_1_321' title='bbox 545 3533 663 3599; x_wconf 78' lang='lat'><strong>378.</strong></span> <span class='ocrx_word' id='word_1_322' title='bbox 815 3551 996 3592; x_wconf 78' lang='lat' dir='ltr'><strong>vere.</strong></span> <span class='ocrx_word' id='word_1_323' title='bbox 1080 3529 1300 3593; x_wconf 80' lang='lat' dir='ltr'><strong>Additi</strong></span> <span class='ocrx_word' id='word_1_324' title='bbox 1361 3529 1647 3613; x_wconf 80' lang='lat' dir='ltr'><strong>collegae</strong></span> <span class='ocrx_word' id='word_1_325' title='bbox 1700 3532 1777 3591; x_wconf 85' lang='lat' dir='ltr'><strong>A.</strong></span> <span class='ocrx_word' id='word_1_326' title='bbox 1839 3541 1907 3592; x_wconf 84' lang='lat' dir='ltr'><strong>et</strong></span> <span class='ocrx_word' id='word_1_327' title='bbox 1956 3531 2032 3590; x_wconf 87' lang='lat' dir='ltr'><strong>L.</strong></span> <span class='ocrx_word' id='word_1_328' title='bbox 2072 3531 2401 3591; x_wconf 82' lang='lat' dir='ltr'><strong>Postumii</strong></span> 
     </span>
     <span class='ocr_line' id='line_1_43' title="bbox 311 3608 2402 3690; baseline -0 -18"><span class='ocrx_word' id='word_1_329' title='bbox 311 3609 721 3690; x_wconf 75' lang='lat' dir='ltr'><strong>Regillenses</strong></span> <span class='ocrx_word' id='word_1_330' title='bbox 778 3629 850 3670; x_wconf 85' lang='lat' dir='ltr'><strong>ac</strong></span> <span class='ocrx_word' id='word_1_331' title='bbox 891 3612 966 3671; x_wconf 90' lang='lat' dir='ltr'><strong>L.</strong></span> <span class='ocrx_word' id='word_1_332' title='bbox 1011 3611 1246 3672; x_wconf 79' lang='lat' dir='ltr'><strong>Furius</strong></span> <span class='ocrx_word' id='word_1_333' title='bbox 1298 3631 1441 3672; x_wconf 86' lang='lat' dir='ltr'><strong>eum</strong></span> <span class='ocrx_word' id='word_1_334' title='bbox 1480 3615 1556 3672; x_wconf 86' lang='lat' dir='ltr'><strong>L.</strong></span> <span class='ocrx_word' id='word_1_335' title='bbox 1599 3608 1904 3686; x_wconf 80' lang='lat' dir='ltr'><strong>Lucretio</strong></span> <span class='ocrx_word' id='word_1_336' title='bbox 1958 3624 2023 3671; x_wconf 82' lang='lat' dir='ltr'><strong>et</strong></span> <span class='ocrx_word' id='word_1_337' title='bbox 2062 3614 2153 3671; x_wconf 81' lang='grc' dir='ltr'><strong>Μ.</strong></span> <span class='ocrx_word' id='word_1_338' title='bbox 2198 3611 2402 3671; x_wconf 82' lang='lat' dir='ltr'><strong>Fabio</strong></span> 
     </span>
     <span class='ocr_line' id='line_1_44' title="bbox 305 3682 2401 3760; baseline -0 -10"><span class='ocrx_word' id='word_1_339' title='bbox 305 3691 638 3760; x_wconf 68' lang='lat' dir='ltr'><strong>Ambusw.</strong></span> <span class='ocrx_word' id='word_1_340' title='bbox 721 3689 1025 3752; x_wconf 86' lang='lat' dir='ltr'><strong>Volscum</strong></span> <span class='ocrx_word' id='word_1_341' title='bbox 1051 3682 1307 3754; x_wconf 82' lang='lat' dir='ltr'><strong>&#39;bellum</strong></span> <span class='ocrx_word' id='word_1_342' title='bbox 1346 3696 1437 3753; x_wconf 82' lang='lat' dir='ltr'><strong>M.</strong></span> <span class='ocrx_word' id='word_1_343' title='bbox 1478 3691 1682 3754; x_wconf 89' lang='lat' dir='ltr'><strong>Furio</strong></span> <span class='ocrx_word' id='word_1_344' title='bbox 1726 3703 1904 3752; x_wconf 80' lang='lat' dir='ltr'><strong>extra</strong></span> <span class='ocrx_word' id='word_1_345' title='bbox 1948 3689 2243 3752; x_wconf 84' lang='lat' dir='ltr'><strong>ordinem</strong></span> <span class='ocrx_word' id='word_1_346' title='bbox 2286 3687 2401 3750; x_wconf 87' lang='lat' dir='ltr'><strong>de-</strong></span> 
     </span>
     <span class='ocr_line' id='line_1_45' title="bbox 309 3767 2401 3846; baseline 0.001 -19"><span class='ocrx_word' id='word_1_347' title='bbox 309 3783 572 3830; x_wconf 80' lang='lat' dir='ltr'><strong>cretum.</strong></span> <span class='ocrx_word' id='word_1_348' title='bbox 631 3767 883 3845; x_wconf 76' lang='lat' dir='ltr'><strong>adjutor</strong></span> <span class='ocrx_word' id='word_1_349' title='bbox 922 3790 1002 3830; x_wconf 85' lang='lat' dir='ltr'><strong>ex</strong></span> <span class='ocrx_word' id='word_1_350' title='bbox 1041 3770 1323 3834; x_wconf 79' lang='lat' dir='ltr'><strong>tribunis</strong></span> <span class='ocrx_word' id='word_1_351' title='bbox 1368 3786 1543 3834; x_wconf 80' lang='lat' dir='ltr'><strong>sorte</strong></span> <span class='ocrx_word' id='word_1_352' title='bbox 1586 3774 1659 3832; x_wconf 72' lang='lat'><strong>1..</strong></span> <span class='ocrx_word' id='word_1_353' title='bbox 1704 3769 1941 3833; x_wconf 82' lang='lat' dir='ltr'><strong>Furius</strong></span> <span class='ocrx_word' id='word_1_354' title='bbox 1984 3769 2207 3846; x_wconf 76' lang='lat' dir='ltr'><strong>datur3</strong></span> <span class='ocrx_word' id='word_1_355' title='bbox 2267 3791 2401 3832; x_wconf 79' lang='lat' dir='ltr'><strong>non</strong></span> 
     </span>
     <span class='ocr_line' id='line_1_46' title="bbox 306 3843 2403 3935; baseline 0.002 -27"><span class='ocrx_word' id='word_1_356' title='bbox 306 3861 430 3910; x_wconf 83' lang='lat' dir='ltr'><strong>tam</strong></span> <span class='ocrx_word' id='word_1_357' title='bbox 479 3869 527 3908; x_wconf 55' lang='lat' dir='ltr'><strong>e*</strong></span> <span class='ocrx_word' id='word_1_358' title='bbox 563 3847 890 3928; x_wconf 79' lang='lat' dir='ltr'><strong>republica</strong></span> <span class='ocrx_word' id='word_1_359' title='bbox 917 3893 933 3922; x_wconf 91' lang='lat'><strong>,</strong></span> <span class='ocrx_word' id='word_1_360' title='bbox 977 3871 1180 3933; x_wconf 78' lang='lat' dir='ltr'><strong>quam</strong></span> <span class='ocrx_word' id='word_1_361' title='bbox 1221 3864 1291 3912; x_wconf 79' lang='lat' dir='ltr'><strong>nt</strong></span> <span class='ocrx_word' id='word_1_362' title='bbox 1319 3844 1633 3935; x_wconf 76' lang='lat' dir='ltr'><strong>&#39;collegae</strong></span> <span class='ocrx_word' id='word_1_363' title='bbox 1685 3849 1969 3913; x_wconf 76' lang='lat' dir='ltr'><strong>materia·</strong></span> <span class='ocrx_word' id='word_1_364' title='bbox 2004 3843 2086 3911; x_wconf 82' lang='lat' dir='ltr'><strong>ad</strong></span> <span class='ocrx_word' id='word_1_365' title='bbox 2140 3871 2403 3912; x_wconf 74' lang='lat' dir='ltr'><strong>omnem</strong></span> 
     </span>
     <span class='ocr_line' id='line_1_47' title="bbox 303 3926 2400 4014; baseline 0.003 -26"><span class='ocrx_word' id='word_1_366' title='bbox 303 3926 554 3990; x_wconf 86' lang='lat' dir='ltr'><strong>laude‘m</strong></span> <span class='ocrx_word' id='word_1_367' title='bbox 597 3941 805 4005; x_wconf 76' lang='lat' dir='ltr'><strong>esset3</strong></span> <span class='ocrx_word' id='word_1_368' title='bbox 852 3943 916 3989; x_wconf 75' lang='lat' dir='ltr'><strong>et</strong></span> <span class='ocrx_word' id='word_1_369' title='bbox 951 3927 1230 4011; x_wconf 82' lang='lat' dir='ltr'><strong>publice,</strong></span> <span class='ocrx_word' id='word_1_370' title='bbox 1267 3929 1453 4014; x_wconf 76' lang='lat' dir='ltr'><strong>quod</strong></span> <span class='ocrx_word' id='word_1_371' title='bbox 1492 3951 1629 4008; x_wconf 60' lang='lat' dir='ltr'><strong>rem</strong></span> <span class='ocrx_word' id='word_1_372' title='bbox 1660 3929 2019 4014; x_wconf 34' lang='lat' dir='ltr'><strong>temeritate·</strong></span> <span class='ocrx_word' id='word_1_373' title='bbox 2060 3929 2197 4008; x_wconf 82' lang='lat' dir='ltr'><strong>ejus</strong></span> <span class='ocrx_word' id='word_1_374' title='bbox 2242 3951 2400 4010; x_wconf 77' lang='lat' dir='ltr'><strong>pre-</strong></span> 
     </span>
    </p>
   </div>
   <div class='ocr_carea' id='block_1_7' title="bbox 751 4124 818 4161">
    <p class='ocr_par' dir='ltr' id='par_1_8' title="bbox 751 4124 818 4161">
     <span class='ocr_line' id='line_1_48' title="bbox 751 4124 818 4161; baseline 0 -9"><span class='ocrx_word' id='word_1_375' title='bbox 751 4124 818 4161; x_wconf 55' lang='grc' dir='ltr'><strong>,ψ</strong></span> 
     </span>
    </p>
   </div>
   <div class='ocr_carea' id='block_1_8' title="bbox 2506 3457 2517 4258">
    <p class='ocr_par' dir='ltr' id='par_1_9' title="bbox 2506 3457 2517 4258">
     <span class='ocr_line' id='line_1_49' title="bbox 2506 3457 2517 4258; baseline 0 0"><span class='ocrx_word' id='word_1_376' title='bbox 2506 3457 2517 4258; x_wconf 95' lang='lat' dir='ltr'><strong> </strong></span> 
     </span>
    </p>
   </div>
  </div>
 </body>
</html>
