2534 4309
311 140 448 248 ⁶⁸4
667 143 1078 246 tuna
1173 118 1629 246 x.,c'm.
1732 153 1844 227 41.
1898 155 2017 228 ιιι.

309 331 426 406 sed
467 330 656 404 etiam
696 333 1055 408 Romano„
1117 348 1186 406 et
1223 337 1447 408 consul
1486 335 1843 408 adfirmavit
1884 355 2209 408 errorem,
2268 335 2401 400 cla·

307 413 539 488 mitans
577 413 751 484 inter
790 413 998 496 prima
1039 416 1243 498 signa,
1285 418 1373 480 ita
1417 431 1486 480 ut
1526 431 1651 482 vo'x
1690 418 1883 483 etiam
1908 417 1989 480 ad
2028 417 2249 479 hostes
2292 438 2403 478 ac-

308 491 579 568 cideret,
620 503 855 572 captum
900 493 1258 570 Comint‘wn,
1300 499 1577 560 αἱρέοι-ειη
1614 499 1905 576 collegam
1932 493 2171 573 ‘adesam
2212 497 2403 556 adni-

305 581 564 632 terentur
613 571 840 635 vincere
888 573 1052 652 prius
1063 619 1086 650 ,
1145 597 1327 656 quam,
1356 578 1562 658 gloria
1598 577 1835 644 alterius
1884 576 2172 638 exer-ciuu-
2188 575 2397 648 ficret.

301 655 482 712 Haee
522 650 810 713 insidens
855 677 889 715 e
938 677 1046 719 uo.
1105 656 1257 720 inde
1298 654 1573 722 tribunis
1618 657 2233 740 centurionibusque
2278 655 2401 718 im-
2482 691 2484 704 ε

229 752 239 763 ’
303 744 518 816 perat,
577 746 647 794 ut
686 733 850 796 viam
893 739 929 777 ²*
977 736 1327 820 *equitibus
1378 738 1786 822 patefaciant.
1868 741 2018 832 Ipse
2062 736 2399 798 Trebonio
2484 795 2486 800 .

300 811 731 896 Caedicioque
773 814 1215 908 praedixerat,
1270 833 1375 893 ut,
1435 819 1547 880 ubi
1608 838 1679 880 se
1730 817 2064 900 cuspidem
2118 831 2397 880 erectam

303 892 695 976 quatientem
739 893 1090 972 vidissent,
1155 914 1388 984 quanta
1426 898 1697 965 maxima
1736 899 1803 962 vi
1842 912 2131 982 possent,
2176 899 2403 959 conci-

303 987 514 1034 tarent
556 973 806 1059 equites
850 977 920 1042 in
957 975 1234 1052 hostem.
1316 977 1420 1046 Ad
1460 993 1682 1042 nutum
1724 979 1969 1050 omnia,
2012 991 2085 1039 ut
2126 998 2205 1040 ex
2250 992 2409 1040 ante
2486 999 2488 1002 ⁴

301 1067 705 1136 praeparato,
752 1053 932 1119 fiunt.
977 1055 1343 1138 panduntur
1373 1059 1547 1128 inter
1576 1057 1841 1124 ordines
1878 1059 2057 1122 viaet
2100 1057 2411 1140 provolat

303 1154 541 1217 eques,
587 1144 776 1221 atque
821 1137 1080 1201 infestis
1123 1138 1499 1220 cuspidibus
1543 1140 1611 1201 in
1650 1137 1932 1202 medium
1970 1157 2203 1220 agmen
2242 1135 2409 1202 hos·

295 1215 456 1276 tium
513 1213 681 1274 ruit:
745 1217 1234 1312 perrumpitque
1294 1219 1591 1294 ordines,
1656 1239 2049 1306 quacumque
2107 1218 2417 1298 inpetum

301 1293 503 1356 dedit.
567 1293 806 1356 instant
845 1296 1230 1360 Volumnius
1286 1312 1353 1362 et
1392 1299 1653 1380 Scipio,
1720 1313 1785 1364 et
1836 1299 2171 1380 perculsos
2233 1311 2413 1359 ster·

301 1387 485 1432 nunt.
561 1377 746 1448 Tum,
791 1373 914 1453 jam
954 1378 1244 1438 Deorum
1284 1375 1738 1473 hominumque
1781 1379 1947 1442 victa
1987 1376 2074 1452 vi,
2120 1376 2411 1438 fundun-

301 1463 409 1526 tur
446 1447 746 1515 linteatae
790 1453 1121 1524 cohortes:
1165 1456 1414 1538 pariter
1452 1457 1644 1540 jurati
1686 1455 2077 1540 injur-atique
2118 1456 2411 1538 fugiunt,

304 1548 427 1592 nec
470 1551 654 1613 quem
703 1555 882 1610 uam,
943 1549 1207 1618 praeter
1243 1537 1505 1612 hostes,
1550 1551 1861 1602 metuunt.
1943 1535 2247 1598 Peditum
2290 1559 2409 1620 ag-

297 1631 477 1685 men,
546 1633 670 1696 quo
766 1615 1086 1695 superfuit
1123 1636 1419 1700 pugnae,
1485 1618 1553 1680 in
1592 1630 1801 1682 castra
1862 1615 1949 1677 ad
1984 1616 2407 1700 Aquiloniam

304 1692 699 1774 compulsum
743 1707 862 1758 est.
919 1695 1223 1760 nobilitas
1269 1698 1649 1791 equitesque
1690 1697 2049 1764 Bovianum
2088 1697 2408 1778 perfuge-
2496 1755 2498 1768 ,

196 1854 207 1865 ..
302 1784 484 1833 runtz
529 1773 782 1854 equites
815 1795 1012 1859 eques
1052 1776 1369 1863 sequitur,
1413 1775 1700 1861 peditem
1790 1776 1985 1840 edes:
2030 1797 2103 1838 ac
2142 1776 2407 1840 diversa

302 1871 564 1924 cornua,
609 1849 901 1914 dextrum
943 1856 1023 1917 ad
1061 1872 1267 1923 castra
1310 1857 1711 1932 Samnitium,
1818 1877 2007 1918 evum
2048 1853 2127 1916 ad
2167 1855 2404 1918 urbem
2499 1869 2500 1872 ’

299 1930 528 1994 tendit.
609 1931 807 1994 Prior
845 1933 1169 2017 aliquanto
1213 1937 1595 2000 Volumnius
1649 1951 1851 1999 castra
1894 1935 2111 2022 cepit:
2168 1935 2245 1996 sd
2289 1958 2405 1996 ur-
2501 1985 2502 1988 η

297 2012 448 2093 bem
489 2011 783 2094 Scipioni
824 2013 1068 2098 majore
1109 2017 1437 2082 resistitur
1474 2015 1583 2094 νίς
1636 2039 1767 2078 non
1812 2015 1959 2098 quia
2016 2015 2161 2097 plus
2198 2015 2397 2074 animi

300 2089 492 2156 victis
536 2107 636 2154 est
665 2091 805 2169 fl),
868 2094 984 2158 sed
1024 2097 1253 2162 melius
1296 2093 1463 2160 muri
1486 2139 1502 2170 ,
1566 2119 1753 2180 quam
1794 2096 2025 2158 vallum
2050 2139 2067 2169 ,
2124 2108 2403 2156 armatos

298 2177 542 2236 arcent.
590 2171 741 2235 inde
783 2174 1104 2257 lapidibus
1145 2177 1529 2259 propulsant
1556 2177 1827 2240 hostem.
1872 2175 2125 2269 Scipio,
2168 2173 2296 2234 nisi
2332 2174 2409 2236 in

299 2251 516 2334 primo
555 2273 821 2334 pavore,
865 2256 1240 2350 priusquam
1281 2259 1781 2340 conlo-gerentur
1823 2255 2041 2328 animi,
2086 2267 2409 2316 u·ansacta

299 2353 407 2394 res
452 2346 656 2407 esset,
722 2334 1066 2398 lentiorem
1105 2337 1252 2402 fore
1292 2335 1576 2400 munitae
1617 2335 1801 2400 urbis
1844 2333 2409 2418 obpugnationem

300 2425 494 2488 ratus,
541 2415 900 2498 interrogat
928 2417 1187 2492 milites,
1229 2418 1419 2480 Satin’
1458 2437 1637 2494 aequo
1676 2416 1878 2476 animo
1918 2423 2285 2494 paterentur,
2328 2417 2404 2472 ab

303 2494 488 2552 altero
529 2513 716 2562 cor-nu
743 2505 932 2556 castra
973 2508 1145 2580 capta
1185 2519 1295 2558 esse
1314 2524 1330 2556 .·
1370 2519 1428 2558 se
1466 2497 1707 2559 victores
1740 2495 1883 2578 pelli
1900 2516 1939 2552 a
1960 2493 2153 2576 portis
2195 2495 2353 2554 urbis
2372 2490 2405 2554 ἱ)

299 2573 823 2648 Reclamantibus
861 2576 1210 2652 universis,
1251 2577 1499 2660 primus
1542 2575 1561 2634 i
1614 2599 1707 2650 se,
1750 2588 1933 2638 scuto
1974 2594 2175 2656 super
2214 2587 2417 2654 caput

192 2658 201 2667 '
300 2654 502 2728 elato,
545 2654 766 2738 pergit
807 2653 887 2716 ad
927 2671 1217 2750 portam:
1280 2657 1488 2720 secuti
1530 2680 1563 2716 a
1594 2656 1673 2730 ii,
1719 2653 2043 2732 testudine
2088 2651 2293 2726 sacta,
2338 2652 2411 2714 in

298 2733 531 2794 urbem
569 2750 1034 2817 perrumpunt:
1081 2735 1562 2818 deturbatisque
1608 2733 2027 2805 Samnitibus,
2046 2733 2186 2854 *qui
2226 2733 2413 2794 circa

299 2827 552 2894 portam
593 2828 798 2890 erant,
839 2837 1058 2878 muros
1091 2838 1246 2880 occu
1298 2838 1518 2880 avere.
1560 2829 1906 2898 penetrare
1953 2816 2022 2878 in
2158 2811 2189 2890 )
2232 2813 2407 2876 inte-

297 2893 476 2956 riora
519 2894 723 2970 urhis,
769 2896 924 2978 quia
966 2897 1156 2978 pauci
1196 2920 1230 2959 a
1343 2899 1535 2960 odum
1578 2909 1780 2972 erant,
1822 2916 1951 2958 non
1994 2893 2255 2956 audent.

459 2975 658 3039 XLII.
742 2980 922 3040 Haec
963 2977 1176 3062 primo
1217 2977 1522 3071 ignorare
1565 2975 1813 3048 consul,
1859 2987 1925 3037 et
1962 2973 2253 3038 intentus
2292 2990 2413 3034 re-

300 3055 362 3116 ci
413 3053 606 3117 iendo
650 3055 963 3120 exercitui
1005 3077 1182 3120 essee
1243 3079 1371 3139 jam
1412 3056 1585 3120 enim
1624 3069 1939 3138 praeceps
1992 3053 2065 3116 in
2108 3071 2415 3117 occasum

305 3155 381 3197 so
451 3149 622 3209 erat,
689 3150 756 3199 et
797 3135 1117 3219 adpetens
1167 3159 1295 3201 nox
1334 3137 1702 3218 periculosa
1744 3149 1812 3198 et
1850 3149 2147 3218 suspecta
2192 3131 2415 3196 omnia

301 3215 495 3292 etiam
537 3215 892 3282 victoribus
933 3215 1232 3285 faciebat.
1314 3221 1447 3282 Pro
1492 3237 1713 3284 ressus
1754 3214 2011 3298 longius
2053 3213 2134 3276 ab
2178 3209 2419 3274 dextra

300 3310 507 3360 castra
563 3309 743 3380 capta
795 3295 1004 3362 videt:
1067 3297 1145 3359 ab
1185 3297 1369 3365 laeva
1413 3318 1449 3359 e
1476 3313 1759 3362 amorem
1817 3295 1887 3356 in
1928 3291 2091 3356 urbe
2132 3293 2411 3354 mixtum

300 3377 720 3460 pugnantium
761 3398 834 3440 ae
861 3377 1234 3460 paventium
1261 3377 1529 3442 fremitu
1557 3397 1722 3440 esse.
1766 3379 1851 3438 et'
1872 3389 2005 3438 tum
2038 3372 2215 3436 forte
2260 3392 2411 3436 cer·

264 3463 516 3520 ‘tamen
556 3459 637 3519 ad
677 3472 929 3542 portam
982 3471 1139 3522 erat.
1221 3457 1545 3524 Advectus
1600 3453 1837 3518 deinde
1890 3475 1931 3520 e
1976 3475 2059 3518 uo
2100 3451 2413 3538 propius,

303 3550 376 3600 ut
418 3559 566 3600 suos
609 3540 676 3602 in
718 3537 918 3603 muris
959 3535 1174 3613 videt,
1230 3559 1356 3620 nec
1394 3537 1519 3620 jam
1561 3535 1801 3620 integri
1844 3535 1953 3620 qui
2000 3555 2189 3620 quam
2228 3551 2413 3624 esse,

301 3618 604 3694 quoniam
645 3619 1008 3680 temeritate
1053 3639 1403 3700 paucorum
1452 3636 1714 3699 magnae
1758 3615 1859 3677 rei
1910 3627 2091 3697 parta
2146 3632 2415 3676 occasio

301 3709 506 3766 esset,
540 3693 765 3768 adciri,
810 3719 968 3782 quas
1009 3713 1371 3784 receperat,
1416 3695 1657 3780 copias,
1704 3695 2013 3779 signaque
2056 3693 2127 3756 in
2170 3691 2415 3754 urbem

301 3770 537 3858 inferri
579 3771 788 3850 jussit.
873 3779 1164 3858 Ingressi
1201 3778 1497 3864 proxima
1539 3797 1619 3841 ex
1658 3790 1883 3860 parte,
1927 3772 2075 3860 quis
2116 3793 2243 3836 nox
2284 3769 2407 3832 ad-

371 3935 426 3999 ”)
463 3941 570 3989 vias
605 3929 771 3992 Gro‘n.
812 3939 968 4002 (ζων.
1040 3945 1124 4009 “)
1161 3959 1285 4000 esset
1319 3913 1463 4001 esed.
1534 3945 1655 4010 ⁴¹¹⁴)
1690 3949 1746 3998 in
1784 3943 1886 4006 del.
1922 3941 2064 4000 saed.
