2534 4309
524 158 937 249 Lissa
1032 161 1163 233 111.
1261 162 1520 232 Car.
1621 154 1911 233 saba.
2067 113 2218 231 ιέδ1

106 350 348 411 Secuta
389 350 745 413 exercitum
784 350 991 432 plebs,
1036 350 1234 422 nullo,
1283 350 1395 435 qui
1429 370 1563 445 per
1602 363 1873 415 aetatem
1914 352 2014 415 ire
2055 372 2211 435 pos-

106 442 232 500 set,
278 443 688 493 retractante.
771 434 1259 515 Prosequuntur
1302 452 1608 515 conjuges
1650 433 1998 515 liberique,
2081 436 2214 495 cui-2

106 530 254 569 nam
292 530 353 570 se
394 511 779 589 relinquerent
816 512 880 573 in
920 534 987 571 ca
1028 512 1197 584 urbe,
1283 512 1344 571 in
1401 534 1514 591 qua
1555 534 1662 573 nec
1699 513 2024 593 pudicitia,
2108 521 2214 575 nec

108 591 351 651 libertas
430 603 631 651 sancta
714 602 879 664 esset,
974 591 1435 653 miserabiliter
1516 593 1892 675 rogitantes.
2002 595 2216 690 Quum

108 684 293 731 vasta
350 674 593 734 Romae
632 673 867 735 ‘omnia
923 673 1167 734 insueta
1230 672 1512 735 solitudo
1567 672 1873 750 fecisset,
1957 675 2025 737 in
2069 674 2218 737 foro

106 766 381 833 praeter
420 774 659 833 paucos
704 754 1029 815 seniorum
1074 773 1265 813 nemo
1311 768 1517 831 essc23
1588 755 1830 817 vocatis
1884 756 2104 838 utique
2148 756 2219 815 in

109 846 406 893 senatum
450 834 768 905 Patribus,
828 832 1151 896 desertum
1208 832 1611 916 adparuisset
1667 835 1919 914 forum3
1997 836 2220 915 plures

110 911 263 992 jam.
312 934 497 995 quam
517 915 821 976 Horatius
867 931 929 977 et
953 914 1274 985 Valerius,
1321 914 1858 991 vociferabantur,
1907 916 2070 993 Quid
2110 936 2219 975 ea·-

108 993 461 1071 spectabitis,
504 994 707 1054 Patres
744 991 1101 1073 conscripti?
1180 996 1252 1055 Si
1291 996 1608 1055 decemviri
1622 996 1818 1066 finem
1855 996 2211 1074 pertinaciae

108 1094 236 1133 non
258 1074 535 1151 jaciunt,
592 1097 759 1135 ruere
796 1096 867 1135 ac
907 1078 1237 1155 deflagrare
1278 1076 1478 1134 omnia
1515 1076 1744 1153 passuri
1779 1072 1952 1139 estis?
2034 1076 2214 1152 Quod

108 1164 317 1214 autem
362 1156 521 1214 istud
557 1155 870 1235 imperium
910 1167 1010 1227 est,
1055 1156 1402 1229 decemviri,-
1465 1159 1624 1234 quod
1661 1158 1920 1236 amplexi
1975 1152 2219 1215 tenetis?

114 1235 309 1296 Tectis
344 1256 419 1294 ac
454 1238 769 1316 perietibus
798 1240 939 1312 jura
979 1236 1202 1297 diceturi
1238 1232 1409 1296 estis?
1491 1238 1637 1297 Non
1673 1240 1891 1317 pudet,
1937 1237 2216 1296 liciorum

110 1326 443 1375 vab-orum
484 1321 761 1393 majorem
819 1336 999 1396 prope
1053 1338 1363 1377 numerum
1421 1318 1483 1377 in
1504 1320 1654 1395 foro
1694 1315 1980 1397 conspici,
2042 1334 2218 1395 quam

116 1406 459 1473 togatorum
500 1394 798 1457 aliorum?
879 1398 1061 1474 Quid,
1102 1399 1155 1457 si
1192 1400 1378 1458 hostes
1414 1398 1497 1456 ad
1543 1398 1754 1457 Urbem
1795 1397 2046 1467 veniant,
2069 1399 2220 1474 fac-

112 1476 246 1535 turi
282 1474 449 1537 esus?
491 1478 657 1554 quid,
698 1478 751 1538 .ςί
786 1478 939 1558 plebs
980 1488 1151 1548 mooe‚‘
1182 1478 1286 1538 ubi
1311 1498 1524 1557 parum
1539 1479 1838 1539 secessione
1860 1498 2214 1549 moveamur,

110 1568 355 1615 armata
395 1555 628 1618 veniat?
710 1558 1005 1619 Occasune
1052 1559 1219 1619 Urbis
1258 1558 1428 1619 vultis·
1449 1558 1638 1630 finire
1679 1556 2032 1638 imperium?
2101 1557 2219 1616 At-

114 1637 226 1713 qui
260 1648 369 1697 aut
404 1640 561 1718 plebs
599 1661 719 1699 non
758 1650 839 1699 est
878 1640 1164 1709 habenda,
1223 1650 1328 1697 aut
1367 1640 1624 1724 (iubendi
1653 1650 1792 1719 ⁴sunt
1831 1640 2056 1699 tribuni
2088 1639 2217 1718 ple-

116 1719 227 1777 bis·
314 1719 442 1779 Nos
480 1719 653 1779 citius
688 1720 1045 1793 caruerimus
1080 1720 1344 1799 patriciae's
1385 1720 1845 1797 magistratibus,
1918 1740 2091 1797 quam
2130 1717 2222 1777 illi

114 1798 370 1877 plebejaeis.
454 1800 693 1860 Novam
733 1803 1201 1879 inexperwmque
1240 1822 1368 1859 eam
1406 1810 1743 1879 potestatem
1807 1800 2068 1880 eripuere
2105 1820 2222 1879 pa-

118 1879 313 1939 tribus
344 1881 589 1952 nostris,
628 1902 701 1940 ne
738 1901 924 1956 nunc,
979 1881 1288 1940 dulcedine
1345 1882 1517 1941 semel
1565 1880 1726 1960 capti
1740 1923 1761 1952 ,
1813 1884 2024 1957 ιῘῖεναηι
2049 1880 2223 1940 desi-

118 1960 377 2019 derium.
444 1982 624 2039 quum
663 1962 1001 2040 praesertim
1040 1982 1144 2021 nec
1182 1983 1286 2021 nos
1327 1972 1704 2039 temperemus
1744 1961 2001 2051 impqiis
2017 2004 2035 2035 ‚
2103 1980 2216 2040 quo

122 2040 321 2099 minus
358 2042 449 2100 illi
484 2043 698 2103 auxilii
735 2042 957 2119 egeant.
1040 2042 1251 2133 Quum
1293 2041 1452 2103 haec
1495 2062 1576 2124 εἷς
1616 2042 1790 2102 omni
1823 2055 2005 2123 parte
2033 2041 2219 2103 'acta-

118 2134 375 2195 rentur‚
419 2122 577 2185 victi
618 2143 937 2185 consensu
980 2122 1348 2193 decemviri,
1394 2122 1642 2184 futuros
1687 2144 1779 2195 se,
1826 2144 1996 2205 quan
2048 2143 2085 2184 o
2111 2122 2220 2201 ,ita

118 2199 440 2275 videatur,
487 2204 555 2263 in
598 2217 913 2285 potestate
955 2206 1213 2263 Patrum
1254 2200 1607 2263 adfirmant.
1693 2204 1766 2263 Id
1806 2202 1999 2263 modo
2031 2202 2238 2265 simul·

118 2296 313 2343 orant
348 2304 423 2345 ac
464 2298 763 2359 monent,
828 2298 896 2344 ut
938 2283 1097 2363 ipsis
1138 2284 1219 2361 ,ab
1262 2282 1503 2345 invidia
1541 2297 1875 2345 caveatur:
1939 2304 2062 2345 nec
2103 2303 2222 2345 suo

118 2363 443 2446 sanguine
488 2363 567 2425 ad
608 2365 923 2448 supplicia
964 2368 1224 2425 Patrum
1265 2362 1525 2445 plebem
1565 2362 2018 2425 adsuefaciant.

286 2446 451 2506 Lm.
536 2448 699 2507 Tum
746 2445 1039 2506 Valerius
1082 2444 1543 2527 Horatiusque,
1586 2444 1768 2507 missi
1827 2442 1910 2503 ad
1962 2443 2222 2526 plebem

116 2522 632 2600 conditionibus,
679 2526 911 2610 quibus
955 2524 1302 2599 videretur,
1366 2524 1788 2588 revocandam
1829 2544 2224 2607 componen-

120 2603 374 2687 dasque
417 2626 547 2682 res,
592 2604 977 2670 decemviris
1018 2626 1274 2690 quoque
1331 2605 1409 2666 ab
1471 2605 1566 2666 ira
1624 2619 1689 2668 et
1741 2606 1963 2685 inpetu
2005 2603 2221 2664 multi-

120 2687 375 2749 tudinis
434 2708 826 2769 praecavere
906 2685 1224 2766 jubentur.
1326 2685 1621 2749 Profecti
1682 2684 1917 2768 gaudio
1978 2686 2044 2745 in
2095 2684 2228 2747 enti

120 2766 345 2847 plebis
402 2767 473 2827 in
526 2782 731 2830 castra
794 2768 1234 2848 accipiuntur3
1319 2766 1560 2849 quippe
1615 2766 1996 2827 liberatores
2102 2763 2225 2825 aud
2287 2826 2293 2829 .

124 2847 327 2910 dubie
372 2862 437 2910 et
475 2864 683 2913 motus
728 2848 935 2919 initio,
980 2860 1046 2908 et
1086 2847 1262 2909 exitu
1301 2846 1419 2909 rei.
1507 2846 1610 2909 Ob
1651 2846 1812 2908 haec
1869 2846 2222 2909 advenien-

118 2929 303 2991 tibus
344 2927 590 3011 gratiae
630 2944 829 2991 actae.
912 2928 1127 2988 Icilius
1170 2948 1294 3008 pro
1334 2924 1746 2988 multitudine
1786 2926 1984 2989 verba
2045 2923 2221 2986 facit.

120 3008 329 3083 Idem,
372 3030 566 3093 quum
609 3008 687 3071 de
731 3008 1209 3074 conditionibus
1252 3022 1582 3090 ageretur,
1631 3006 2086 3091 quaerentibus
2127 3003 2223 3065 le·
2297 3066 2304 3079 ‚

120 3089 331 3172 gatis,
377 3110 539 3173 quae
582 3090 897 3171 postulata
938 3088 1153 3170 plebis
1198 3101 1438 3158 essent,
1494 3088 1854 3168 composito
1911 3086 2032 3166 jam
2073 3098 2227 3151 ante

120 3170 473 3237 adventum
514 3170 867 3253 legatorum
910 3169 1224 3242 consilio,
1288 3189 1361 3230 ea
1404 3169 1785 3250 postulavit,
1847 3180 1917 3231 ut
1957 3166 2225 3248 adpare-

120 3266 261 3324 ret,
334 3252 405 3312 in
448 3252 769 3334 aequitate
812 3272 1031 3312 rerum
1072 3251 1253 3330 plus,
1341 3270 1528 3333 quam
1569 3249 1637 3309 in
1679 3250 1906 3323 armis,
1989 3246 2226 3328 reponi

120 3331 295 3413 spei.
378 3334 773 3394 Potestatem
824 3330 1001 3393 'enim
1051 3328 1500 3413 tribuniciam,
1568 3329 2094 3411 provocationem
2143 3346 2226 3388 ue

120 3411 531 3493 repetebant,
578 3433 737 3495 quae
778 3426 923 3473 ante
968 3409 1370 3474 decemviros
1413 3424 1666 3471 creatos
1719 3409 1951 3471 auxilia
2011 3408 2120 3489 ple
2168 3407 2226 3469 is
2317 3445 2324 3451 ·

118 3493 401 3564 fuerant,
444 3505 515 3554 et
552 3512 635 3553 ne
679 3492 785 3553 cui
824 3490 1035 3553 fraudi
1078 3504 1272 3564 esset,
1317 3489 1614 3552 concisse
1655 3489 1894 3552 milites
1936 3501 2046 3550 aut
2082 3490 2226 3571 ple-

120 3573 277 3633 bem
333 3572 417 3632 ad
469 3572 891 3653 repetendam
948 3592 1071 3653 per
1132 3570 1571 3634 secessionem
1640 3570 2025 3632 libertatem.
2120 3570 2224 3631 De

124 3652 643 3716 decemvirorum
676 3652 877 3714 modo
918 3650 1241 3733 supplicio
1285 3650 1468 3713 atroit'
1495 3652 1882 3732 postulatum
1907 3649 2044 3710 fuit.
2087 3650 2224 3711 De·

124 3732 193 3794 di
234 3734 487 3819 quippe
528 3754 644 3795 eos
687 3754 959 3817 aequum
1000 3732 1369 3804 censebant,
1413 3731 1722 3815 vivosque
1777 3730 1914 3813 igni
1952 3750 2223 3817 concre-

122 3828 407 3876 maturos
448 3814 877 3875 minabantur.
960 3812 1189 3893 Legati
1230 3810 1312 3872 ad
1351 3832 1461 3873 ea:
1507 3812 1671 3889 Quae
1700 3809 1928 3885 consilii
1941 3811 2221 3887 fuerunt,

120 3896 269 3955 adeo
310 3914 497 3972 aequa
532 3894 879 3973 postulastis,
923 3904 989 3953 ut
1028 3896 1181 3952 ultro
1222 3892 1382 3953 vobis
1421 3889 2002 3970 deferendafuerint.
2045 3888 2226 3946 liber-

122 3976 237 4033 tati
271 3974 431 4035 etaim
472 3995 541 4035 ea
580 3974 874 4053 praesidia
914 3974 1141 4053 petitis,
1208 3994 1326 4031 non
1377 3972 1642 4031 licentiae
1691 3972 1774 4029 ad
1813 3968 2224 4049 inpugnandos
