2534 4309
348 159 476 243 176
735 98 1139 267 Li‘stn
1240 143 1351 225 lv.
1452 154 1704 263 Car.
1811 150 1878 223 5.
1934 155 2002 227 6.

330 346 509 415 stilus,
566 352 776 421 paratu
832 343 987 403 vobis
1039 342 1222 421 plebes
1260 352 1378 413 est,
1441 343 1511 414 si,
1574 337 1874 405 connubiis
1911 342 2192 415 redditis,
2239 362 2419 405 mum

331 426 487 484 hanc
526 422 821 484 civitatem
860 425 1100 483 tandem
1121 423 1356 501 facitis,·
1395 423 1449 484 si
1485 424 1814 493 coalescet-e,
1856 424 1912 485 si
1935 425 2117 502 jungi
2157 424 2423 485 misceri·

329 520 439 583 que
478 504 635 565 vobis
670 502 915 583 privatis
953 503 1459 563 necessitudinibus
1494 514 1732 582 possunt
1742 526 1768 579 5
1828 504 1882 563 si
1917 524 2040 582 spes
2056 544 2076 573 ,
2133 503 2192 563 si
2225 504 2424 563 aditus

328 585 415 643 ad
452 584 698 643 honores
737 583 875 643 viris
912 583 1157 642 strenuis
1192 592 1249 641 et
1269 583 1532 659 sortibus
1570 584 1788 659 datum
1827 584 1880 643 si
1917 584 1990 642 im
2018 584 2336 653 consortio,
2375 584 2432 643 si

334 665 399 722 in
435 663 702 723 socictate
742 662 1090 742 reipublz‘cae
1126 682 1257 733 esse,
1298 662 1380 734 si,
1439 662 1598 739 quod
1637 682 1848 741 aequae
1885 662 2165 721 libertatis
2201 673 2317 733 est,
2363 664 2428 722 in

333 744 523 804 vicem
572 742 782 802 annuis
825 740 1259 817 magistralibus
1295 762 1500 821 parere
1539 752 1708 813 atque
1747 743 2082 821 imperitare
2123 742 2276 801 licet.
2357 743 2431 801 Si

334 825 477 883 haec
518 821 778 901 inpediet
815 822 1031 901 aliquis·
1040 862 1063 893 ,
1104 824 1265 899 ferte
1304 822 1660 881 sermonibus
1677 862 1697 893 ,
1751 832 1807 881 ct
1847 820 2226 900 multiplicate
2246 824 2428 899 sama

335 904 481 962 bella
500 924 526 977 3
593 922 765 961 nemo
806 910 889 961 est
926 922 1139 961 nomen
1180 906 1463 971 daturus,
1505 922 1674 961 nemo
1711 922 1882 960 arma-
1918 912 2214 979 capturus,
2257 922 2430 961 nemo

333 982 724 1041 dimicaturus
760 1000 872 1059 pro
910 980 1490 1061 superbis-dominis,
1547 1001 1683 1040 cum
1723 982 1923 1060 quibus
1961 1002 2066 1040 nec
2105 979 2170 1039 ἰη
2205 1001 2272 1042 re
2309 1002 2430 1061 pu-

338 1062 487 1123 blica
528 1062 851 1131 honorum,
896 1081 999 1119 nec
1038 1061 1102 1119 in
1137 1060 1370 1140 privata
1410 1060 1689 1120 connubii
1722 1060 1958 1120 societas
1997 1069 2094 1120 est.

456 1142 601 1221 ,V1.
684 1140 895 1235 Quum
932 1139 1001 1201 in
1044 1140 1419 1202 concionem
1461 1154 1527 1201 et
1567 1140 1861 1203 consules
1927 1140 2426 1221 processissent,
2519 1148 2521 1193 ἓ

334 1235 401 1285 et
440 1242 549 1283 res
592 1242 628 1281 a
668 1219 998 1302 perpetuis
1040 1219 1438 1282 orationibus
1479 1220 1549 1281 in
1591 1220 2068 1282 altercationem
2088 1221 2394 1283 vertisset
2406 1241 2427 1297 3

335 1292 764 1383 interroganti
806 1298 1087 1367 tribuno.
1130 1320 1239 1361 cur
1275 1301 1556 1380 plcbcjam
1597 1302 1882 1361 consulem
1907 1300 2057 1371 fieri
2093 1322 2214 1359 non
2248 1322 2431 1380 opor·-

337 1376 522 1443 teret?
603 1394 674 1443 ut
714 1380 984 1441 sortasse
1024 1401 1219 1453 vere,
1297 1380 1392 1447 sic
1429 1400 1652 1462 parum
1708 1380 1960 1455 utiliter
2009 1380 2076 1439 in
2118 1400 2432 1461 praesens

334 1474 656 1533 certamen
696 1458 1032 1543 respondit
1051 1482 1079 1534 ‚·
1137 1460 1296 1539 quod
1343 1481 1513 1519 nemo
1562 1461 1808 1539 plebeJ'us
1863 1458 2121 1537 auspicia
2169 1462 2424 1519 haber-el.

336 1542 578 1617 ideoque
632 1540 983 1599 decemviros
1038 1540 1394 1607 connubium
1466 1539 1652 1599 dir-em
1660 1539 1780 1610 isse,
1861 1560 1934 1598 ne
1990 1539 2210 1599 incerta
2265 1542 2433 1619 prole

332 1619 592 1699 auspicia
630 1620 1016 1683 turbarentur.
1116 1619 1352 1679 Plebcs
1414 1619 1493 1679 sd
1553 1613 1621 1679 id
1661 1620 1928 1680 maxime
1983 1618 2434 1701 indignatione

337 1698 599 1771 exarsit,
639 1696 811 1783 quod
849 1698 1204 1781 auspicari,
1273 1712 1584 1781 tamquam
1615 1696 1838 1763 .invisi
1875 1698 2020 1760 Diis
2073 1698 2432 1761 inmortali-

336 1778 479 1850 bus,
524 1792 915 1861 negarentur
952 1798 1171 1859 posse.
1212 1798 1334 1840 nec
1375 1794 1519 1841 ante
1561 1775 1710 1840 finis
1753 1778 2232 1842 contentionum
2277 1780 2428 1853 suit,
2518 1784 2520 1787 ’

338 1860 565 1943 (quum
607 1872 674 1920 et
711 1858 1038 1919 tribunum
1078 1859 1456 1921 acerrimum
1497 1871 1819 1922 auctorem
1859 1857 2088 1940 plebes
2110 1872 2292 1921 nacta
2323 1880 2430 1921 es-

338 1952 462 2013 set,
508 1952 573 2001 et
616 1938 757 2021 ipsa
800 1958 939 2001 cum
981 1959 1062 2001 eo
1104 1938 1457 2019 pertinacia
1499 1938 1804 2017 certaret)
1861 1960 2050 2022 quam
2089 1939 2244 2001 victi
2287 1953 2434 2000 tan-

344 2018 492 2082 dem
531 2020 781 2091 Patres,
850 2031 921 2079 ut
960 2018 1040 2080 de
1082 2018 1403 2080 connubio
1441 2017 1744 2093 ferretur,
1829 2038 2258 2091 consenserc;
2343 2020 2434 2081 ita

337 2099 613 2160 maxime
652 2097 777 2159 rati
817 2100 1299 2161 contentionem
1339 2098 1421 2161 de
1463 2096 1740 2179 plebeiis
1795 2098 2163 2160 consulibus
2225 2098 2432 2161 tribu-

338 2200 463 2241 nos
505 2190 612 2240 aut
649 2188 845 2240 totam
886 2176 1318 2261 deposituros,
1364 2191 1473 2240 aut
1511 2191 1661 2259 post
1699 2178 1941 2240 bellum
1983 2178 2295 2242 dilaturos
2331 2200 2434 2241 cs-

342 2278 455 2336 se3
499 2272 861 2321 contentam
951 2280 985 2320 e
1028 2259 1289 2322 interim
1332 2257 1655 2321 connubio
1697 2258 1956 2339 plebem
1995 2272 2278 2339 paratam
2320 2258 2432 2320 de-

338 2339 542 2401 lectui
602 2337 769 2399 fore.
928 2360 1075 2401 uum
1133 2336 1472 2417 Canuleius
1541 2337 1810 2400 victoria
1867 2338 1949 2399 de
2009 2338 2310 2401 Patribus
2371 2353 2436 2401 et
2499 2337 2506 2347 ’

340 2418 558 2503 plebis
599 2417 821 2481 favore
864 2420 1093 2501 ingens
1134 2431 1332 2492 essct,
1376 2418 1634 2481 accensi
1673 2418 1783 2479 alii
1825 2418 2068 2479 tribuni
2106 2417 2187 2479 ad
2227 2434 2436 2481 certa-

343 2518 493 2559 men
534 2516 657 2579 pro
700 2500 1187 2581 rogatione,sua
1226 2520 1468 2559 summa
1508 2497 1572 2559 vi
1657 2512 1915 2581 ugnant,
1959 2511 2046 2572 et,
2097 2513 2438 2561 crescente

342 2578 415 2641 in
456 2577 595 2640 dies
635 2577 798 2639 fama
840 2578 1018 2654 belli,
1063 2578 1381 2640 delectum
1419 2578 1572 2659 inpe
1621 2593 1777 2640 mnt.
1861 2579 2198 2649 Consules,
2224 2600 2436 2663 quum
2523 2572 2525 2613 ²

345 2679 469 2741 per
508 2672 817 2732 senatum,
878 2657 1430 2721 intercedentibus
1471 2656 1786 2732 tribunis,
1839 2657 2004 2721 nihil
2043 2659 2145 2741 agi
2187 2674 2433 2739 posset,

298 2728 311 2761 '
346 2738 629 2802 consilia'
658 2737 1033 2821 principum·
1062 2738 1233 2799 domi
1269 2736 1604 2799 habebant.
1645 2736 1725 2797 ad
1773 2738 2010 2812 arebat,
2064 2751 2170 2800 aut
2223 2736 2434 2801 hosti-

347 2820 494 2891 bus,
538 2832 643 2880 aut
680 2817 930 2883 civibus
973 2818 1053 2880 de
1091 2818 1364 2882 victoria
1407 2815 1734 2880 conceden
1781 2840 1888 2881 um
1927 2838 2092 2881 esse.
2177 2817 2319 2879 Soli
2355 2838 2436 2879 ex

349 2898 791 2963 consularibus
831 2898 1129 2964 Valerius
1171 2911 1360 2982 atque
1401 2897 1704 2959 Horatius
1743 2916 1874 2959 non
1914 2896 2268 2960 intererant
2285 2916 2438 2961 con-

351 2978 541 3043 siliis.
626 2982 696 3041 C.
741 2980 990 3041 Claudii
1046 2980 1365 3041 sententia
1417 2978 1714 3042 eonsules
1768 2978 2050 3041 armabat
2097 2978 2167 3038 in
2225 2978 2434 3039 tribu-

351 3079 512 3120 nos:
556 3058 1005 3153 Quinctiorum
1047 3058 1538 3142 Cincinnatique
1579 3071 1646 3121 et
1685 3058 2033 3142 Capitolini
2075 3058 2440 3121 sentcntiae

352 3135 781 3201 abhorrebant
817 3162 853 3201 a
892 3137 1085 3202 caede
1109 3140 1574 3222 violandisque,
1664 3160 1803 3214 uos,
1844 3138 2112 3200 foedere
2135 3136 2264 3199 icto
2293 3158 2438 3199 cum

400 3216 571 3291 lehc,
634 3234 1071 3283 sacrosanctos
1128 3220 1550 3300 accepissent.
1707 3239 1780 3280 er
1827 3216 1987 3297 haec
2045 3216 2312 3281 consilia
2355 3240 2437 3279 eo

354 3240 623 3359 {educta
665 3318 772 3360 res
814 3312 933 3374 est,
977 3300 1378 3363 uttribunos
1417 3298 1690 3359 militum
1741 3298 2060 3360 consulari
2117 3310 2438 3379 potestate

354 3376 719 3460 promiscue
761 3399 841 3439 ex
881 3380 1180 3441 Patribus
1222 3398 1296 3440 ac
1336 3378 1528 3460 plebe
1569 3378 1777 3440 creari
1810 3379 2136 3455 sinerent3
2181 3377 2262 3438 de
2283 3399 2438 3440 con-

355 3456 603 3518 sulibus
645 3458 938 3520 creandis
980 3459 1139 3521 nihil
1182 3472 1551 3520 mutaretur.
1596 3478 1802 3541 eoque
1843 3458 2124 3521 contenti
2165 3456 2434 3531 tribuni,

353 3549 651 3600 contenta
692 3538 879 3619 plebs
919 3538 1061 3601 fuit.
1144 3538 1412 3602 Comitia
1455 3536 1727 3600 tribunis
1771 3538 2092 3601 consulari
2121 3551 2437 3619 potestate

352 3616 561 3678 tribus
601 3617 894 3680 creandis
952 3619 1342 3681 indicuntur.
1468 3618 1658 3679 uibus
1713 3617 1974 3680 indictis
1994 3662 2010 3692 ,
2091 3617 2436 3699 extemplo,

357 3696 739 3781 quicumque
780 3698 1022 3793 aliquid
1062 3698 1373 3763 seditiose
1475 3699 1674 3761 ’xerat
1728 3710 1836 3759 aut
1889 3698 2172 3767 fecerat,
2251 3718 2442 3783 quam

356 3776 627 3837 maxime
669 3776 1039 3850 tribunicii,
1102 3792 1169 3840 et
1208 3798 1518 3860 prensare
1559 3778 1882 3851 homines,
1947 3792 2012 3841 et
2053 3796 2442 3847 concursare

353 3868 491 3915 toto
532 3854 676 3925 soro
720 3856 1393 3939 candidaticoepere:
1436 3873 1508 3921 ut
1547 3858 1854 3942 patricios
1897 3856 2261 3938 desperatio
2303 3860 2446 3942 pri-

354 3954 481 4005 mo,
530 3934 777 3997 irritata
815 3936 1030 4017 plebe,
1075 3936 1477 4019 adipiscendi
1518 3938 1808 4014 honoris,
1867 3934 2106 4002 deinde
2143 3936 2446 4021 indigna-
