2534 4309
369 150 510 227 236
737 99 742 108 Ι
815 148 874 225 L
921 167 1038 257 ιιι
1074 126 1129 219 ἐ
1175 169 1226 221 n
1314 150 1395 221 V.
1494 150 1555 221 C
1601 168 1646 221 ι
1689 171 1754 221 r.
1800 188 1811 200 ·
1862 146 1975 223 ιδ.

361 338 548 405 lecti-s
609 336 715 403 dio
753 336 924 411 festo
975 334 1285 401 custodiis
1346 336 1547 401 urbis.
1628 336 1912 421 insignis
1970 326 2443 419 ennns‘hyems

363 418 576 501 gelida
617 441 692 483 ac
731 420 956 483 nivosa
999 418 1145 493 suit,
1190 418 1355 481 adeo
1394 432 1467 481 ut
1502 419 1643 486 viae
1684 419 1993 493 clanssae,
2040 419 2311 482 Tiberis
2354 420 2445 479 in-

359 498 744 581 navigabilis
785 498 1003 562 fuerit.
1064 520 1313 561 annona
1372 520 1453 561 ex
1492 512 1639 561 ante
1692 513 1999 563 convecta
2044 500 2245 579 ,copia
2284 498 2445 559 nihil

361 580 647 643 mutavit.
725 582 813 641 Et
851 580 1000 664 quia
1039 582 1117 641 P.
1158 578 1493 653 Licinius,
1558 593 1631 641 ut
1660 592 1953 660 ,ceperat
2004 578 2177 641 haud
2214 580 2445 641 tumul·

362 657 550 721 tuose
591 660 1044 742 magistratum,
1085 658 1343 739 majore¹
1370 658 1602 742 gaudio
1643 660 1879 741 plebis,
1925 657 2111 743 qnam
2150 657 2444 754 indigna-

363 739 546 801 tione
573 744 851 812 Pazmm,
895 740 986 801 ita
1027 737 1497 819 etiamgessit3
1540 738 1817 801 dulcedo
1856 739 2092 807 invasit
2128 742 2444 821 proximis

361 819 643 883 comitiis
683 820 1088 882 tribunorum
1127 820 1403 881 militum
1440 816 1735 902 plebeios
1777 819 2056 882 creandi.
2137 822 2317 885 Unus
2358 825 2441 883 M.

365 913 474 977 ‚U.
511 933 559 971 c.
599 914 720 971 356.
863 899 1176 966 Veturius
1237 920 1319 961 ex
1358 900 1652 981 patriciis
1705 898 2055 965 candidatis
2094 900 2312 963 locum
2352 915 2442 963 te·
2523 959 2529 972 ,

367 1001 455 1053 J.
494 982 558 1040 C.
597 982 717 1055 396.
867 980 1064 1059 nuit3'
1106 978 1401 1062 plebeios
1432 982 1605 1045 alios
1640 980 1935 1043 tribunos
1974 980 2251 1043 militum
2292 1002 2443 1045 eon·
2523 987 2531 1022 ³

267 1064 270 1069 ’
363 1059 565 1143 sulari
605 1074 923 1141 potestate
977 1082 1201 1123 omnes
1241 1062 1385 1123 fere
1426 1061 1753 1131 centuriae
1797 1060 2057 1135 dixere,
2118 1066 2209 1123 M.
2254 1064 2443 1125 Pom·
2523 1089 2531 1128 ε

362 1141 666 1225 ponium,
709 1144 780 1204 C.
823 1140 1149 1214 Duilium‚
1193 1143 1588 1206 Voleronem
1626 1141 2009 1215 Publilium,
2064 1143 2180 1208 Cn.
2216 1143 2445 1207 Genu·
2523 1149 2531 1158 “

368 1221 561 1294 cium,
603 1220 678 1283 L.
719 1223 1006 1285 Atilium.
1073 1221 1355 1286 Tristem
1392 1222 1727 1307 hyemem,
1751 1222 1890 1285 sive
1932 1242 2013 1285 cx
2050 1221 2442 1305 intemperie

361 1302 562 1377 coeli,
621 1302 853 1384 raptim
903 1304 1377 1383 mutationelin
1431 1305 1821 1366 contrarium
1874 1303 2075 1380 sacta,
2136 1303 2279 1368 sive
2324 1305 2447 1365 alia

365 1405 488 1468 qua
530 1381 610 1447 de
652 1404 908 1461 caussa,
973 1384 1184 1479 gravis
1223 1383 1671 1468 pestilensque
1720 1384 2015 1453 omnibus
2056 1384 2444 1448 animalibus

357 1478 566 1537 aestas
595 1465 868 1547 excepit.
911 1486 990 1530 cu
1015 1486 1090 1529 us
1111 1464 1452 1527 insanabili
1471 1464 1767 1545 pernicie
1791 1464 2045 1549 quando
2063 1485 2187 1531 nec
2228 1485 2445 1531 caussa

361 1564 485 1605 nec
525 1542 673 1604 finis
717 1544 975 1608 invenie
1025 1559 1182 1619 atur,
1225 1544 1383 1607 libri
1426 1545 1727 1625 Sibyllini
1765 1566 1851 1609 >ex
1888 1549 2445 1609 senatusconsulto

359 1622 522 1685 editi
561 1638 732 1687 sunt.
811 1625 1152 1689 Duumviri
1193 1626 1395 1689 sacris
1435 1624 1789 1701 faciundis,
1846 1627 2253 1689 lectisternio
2296 1643 2446 1691 tuno

355 1704 632 1851 primum
672 1704 750 1773 in.
780 1706 942 1773 urbe
977 1709 1260 1768 Romana
1303 1706 1493 1781 sacto,
1536 1726 1659 1789 per
1700 1704 1841 1769 dies
1882 1721 2029 1771 octo
2044 1708 2445 1791 Apollinem,

421 1798 796 1870 atonamquc
856 1799 921 1851 et
978 1786 1284 1862 Dianam,
1342 1788 1727 1862 Herculem,
1798 1790 2190 1850 Mercurium
2248 1804 2441 1875 atque

359 1864 730 1947 Neptunum
771 1864 1008 1943 tribus,
1065 1888 1250 1950 quam
1290 1867 1685 1951 amplissime
1741 1882 1876 1930 tum
1914 1866 2209 1950 adparari
2252 1884 2441 1951 pote-

357 1960 478 2019 rat,
522 1946 734 2008 stratis
777 1948 962 2027 lectis
1003 1946 1361 2030 placavere.
1444 1948 1751 2010 Privatim
1792 1970 2047 2033 quoquc
2085 1946 2156 2009 id
2194 1970 2444 2013 sacrum

358 2026 756 2092 celebratum
797 2042 916 2095 est.
955 2042 1088 2094 tota
1127 2028 1291 2109 urbe
1332 2028 1701 2110 patentibus
1741 2028 1949 2108 jannis
1974 2071 1992 2104 ,
2034 2029 2441 2111 promiscuo-

359 2128 490 2192 que
527 2128 644 2189 usu
684 2129 898 2175 rerum
931 2106 1214 2171 omnium
1254 2109 1323 2169 in
1409 2110 1702 2191 ropstulo
1742 2106 1982 2192 posito,
2025 2124 2214 2172 notos
2254 2110 2441 2194 igno-

359 2201 590 2271 tosque
645 2189 884 2271 passim
944 2188 1216 2267 advenas
1267 2189 1338 2251 in
1438 2189 1739 2271 ospitium
1792 2188 2012 2253 ductos
2052 2190 2316 2271 ferunt3
2380 2192 2443 2257 et

361 2288 510 2329 cum
551 2265 830 2332 inimicis
885 2291 1140 2356 quoque
1193 2268 1475 2353 henigne
1518 2290 1591 2331 ac
1630 2271 1904 2333 comiter
1956 2291 2288 2335 sermones
2329 2272 2443 2335 ha-

357 2346 564 2423 bitos,
643 2346 871 2431 jurgiis
935 2370 1013 2413 ac
1081 2348 1302 2413 litibus
1359 2364 1813 2433 temperatum3
1889 2350 2125 2413 vinctis
2185 2372 2441 2437 quoque

364 2420 576 2494 {lenita
615 2426 684 2489 in
725 2449 836 2492 eos
877 2428 1016 2494 dies
1056 2430 1345 2509 vincu1a3
1396 2431 1703 2513 religioni
1743 2430 1984 2493 deinde
2024 2430 2252 2505 fuisse,
2298 2435 2439 2517 qui-

356 2506 480 2571 bus
525 2530 662 2571 eam
701 2530 740 2571 o
789 2530 889 2571 em
929 2510 1040 2572 Dii
1079 2508 1409 2586 tulissent,
1471 2510 1725 2576 vinciri.
1808 2509 2073 2574 Interim
2112 2510 2194 2573 ad
2235 2510 2439 2592 Veios

359 2600 583 2651 terror
637 2530 976 2672 mu'l’tiplex
1032 2589 1188 2669 fuit3
1245 2588 1454 2653 tribus
1517 2592 1585 2652 in
1634 2612 1831 2653 unum
1888 2590 2080 2654 bellis
2138 2593 2433 2657 conlatis.

357 2688 629 2753 namque
666 2668 1083 2755 eodem‚,quo
1111 2684 1315 2743 antea,
1356 2670 1547 2734 modo
1581 2671 1751 2733 circa
1792 2672 2201 2747 munimenta,
2337 2694 2440 2734 um

356 2764 631 2831 repente
675 2752 1027 2832 Capenates
1069 2750 1438 2835 Faliscique
1478 2750 1770 2815 subsidio
1811 2752 2167 2824 venissent,
2208 2775 2247 2815 a
2296 2775 2437 2817 ver-

357 2850 470 2901 sus
510 2832 1010 2895 tresexercitus
1063 2829 1345 2915 ancipiti.
1368 2831 1626 2915 proelio
1682 2846 2025 2914 pugnatum
2067 2845 2187 2895 est.
2270 2836 2441 2897 Ante

358 2910 576 2987 omnia
627 2908 874 2991 adjuvit
920 2910 1230 2974 memoria
1282 2910 1704 2975 damnationis
1746 2912 1962 2994 Sergii
2012 2932 2087 2974 ae
2122 2912 2434 2999 virginii.

357 2990 580 3075 Itaque
619 2990 1061 3071 majoribus.*)
1106 2990 1367 3067 castris,
1412 2991 1583 3055 unde
1624 3006 1809 3056 antea
1851 3006 2163 3065 cessatum
2202 2993 2435 3067 fuerat,

354 3068 548 3134 brevi
601 3071 810 3151 spatio
853 3070 1321 3135 circumductae
1364 3072 1590 3156 copiae
1634 3074 2025 3155 Capenates,
2090 3074 2161 3134 in
2202 3074 2439 3137 vallum

351 3150 712 3216 Romanum
761 3172 1018 3225 versos,
1075 3151 1156 3213 ab
1211 3166 1394 3235 tergo
1454 3150 1933 3236 adgrediuntur.
2012 3150 2171 3215 Indo
2221 3174 2437 3239 pugna

355 3242 584 3310 coepta
625 3242 692 3291 et
723 3230 996 3296 Faliscis
1037 3231 1255 3296 intulit
1285 3246 1625 3307 terrorem,
1669 3232 2196 3318 trepidantesque
2238 3255 2359 3297 eru
2406 3272 2435 3287 -

354 3308 453 3369 tio
514 3329 594 3369 ex
634 3311 859 3373 castris
917 3326 1281 3406 opportune
1322 3312 1487 3377 facta
1544 3315 1795 3376 avertit.
1852 3334 1928 3375 re
1976 3312 2155 3377 ulsos
2196 3310 2353 3379 dein
2397 3334 2433 3376 e

353 3384 632 3454 insecuti
689 3390 969 3456 victores
1023 3408 1355 3476 mgentem
1405 3392 1748 3457 ediderunt
1794 3412 1907 3457 cae
1954 3412 2075 3455 em.
2156 3396 2299 3459 Nec
2348 3396 2433 3457 its

351 3465 554 3533 multo
595 3483 744 3551 post
781 3469 908 3551 jam
949 3470 1258 3556 palantes,
1302 3473 1502 3539 veluti
1542 3472 1713 3537 forte
1758 3472 1973 3548 oblati,
2012 3474 2433 3557 populatores

350 3546 693 3640 Capenatis
747 3552 886 3633 agri
938 3551 1256 3639 reliquias.
1302 3574 1554 3639 pugnae
1608 3552 2015 3619 absumere:
2082 3566 2153 3615 et
2192 3554 2433 3619 Ve'en-

347 3640 510 3691 tium
547 3630 946 3715 refugientes
985 3630 1056 3696 in
1095 3633 1325 3699 urbem
1364 3634 1547 3697 multi
1584 3648 1731 3697 ante
1773 3648 1990 3719 portu
2030 3634 2243 3707 eaesi,
2330 3656 2435 3701 um

417 3796 477 3865 ⁴¹¹)
507 3816 537 3851 a
567 3797 837 3873 majoriam
872 3802 1081 3873 Κηϊα.
