2534 4309
383 78 515 216 ¹7²2
776 122 2044 203 Ltnssan.CA1⁵.3.4·

372 334 471 377 vos
486 354 509 384 ,
550 312 605 373 si
640 306 775 373 non'
796 315 878 373 ad
910 316 1091 390 fastos
1109 355 1128 384 ,
1190 332 1309 372 non.
1349 313 1432 371 ad
1469 302 1912 391 commentarios
1949 313 2298 392 pontificum
2339 319 2449 377 ad»

375 394 703 470 mittimur3
747 415 820 455 ne
858 415 928 453 ea
967 394 1203 471 quidem
1240 393 1484 463 scimus,
1525 414 1670 471 quae
1709 414 1904 453 omnes
1939 395 2241 473 peregrini
2275 396 2452 455 etiam

368 471 601 533 sciunt?
640 476 894 535 consules
932 472 996 531 in
1026 474 1218 533 locum
1256 493 1459 551 regum
1497 470 1856 533 successisse?
1895 494 1998 533 nec
2023 486 2129 533 aut
2135 476 2310 549 juris,
2353 486 2452 535 aut

374 554 681 629 maiestatis
718 553 1033 631 quidquam
1060 553 1287 623 habere,
1329 554 1486 629 quod
1525 573 1644 612 non
1685 552 1748 611 in
1789 553 2015 631 regibus
2053 566 2187 613 ante
2205 554 2448 631 fuerit?

368 634 469 693 En
510 651 783 711 umquam
810 632 1045 693 creditis
1066 634 1267 710 fizndo
1300 633 1573 691 auditum
1603 652 1733 703 esse,
1773 632 2040 692 Numam
2069 635 2447 713 Pompilium,

367 734 489 773 non
531 714 706 773 modo
745 734 865 773 non
912 713 1231 792 patricium
1246 753 1267 783 ,
1325 714 1426 772 sed
1466 734 1538 771 ne
1575 712 1760 773 civem
1818 714 2055 791 quidem
2094 714 2450 789 Romanum,

368 814 445 851 ex
482 792 701 853 Sabino
740 814 889 871 agro
930 792 1233 863 adcitum,
1298 793 1506 871 populi
1530 796 1728 868 Jussu,
1789 793 2061 853 Patribus
2099 796 2450 865 auctet-ihm,

369 872 596 947 Romae
636 869 943 951 regnasse?
1002 872 1071 931 L.
1094 872 1330 931 -deinde
1373 873 1774 951 Tarquinium,
1819 894 1938 932 non
1975 874 2282 934 Romanae
2323 898 2452 935 mo-

370 954 484 1025 do,
542 954 645 1013 sed
696 974 768 1013 ne
808 952 1051 1011 Italicae
1092 953 1344 1031 ,quidem
1396 952 1606 1029 gentis,
1685 951 2002 1011 Demarati
2028 952 2096 1029 ³¹¹)
2157 954 2455 1015 Corinthii

352 1033 559 1115 filium
578 1075 597 1104 ,
640 1032 892 1105 incolam
930 1034 1003 1090 ab
1046 1031 1375 1111 Tarquiniis
1388 1074 1409 1102 ,
1451 1031 1594 1093 vivis
1631 1030 1822 1091 liberis·
1860 1032 2046 1102 Anci,
2090 1054 2288 1111 regem
2307 1038 2452 1111 finc-

371 1110 544 1175 tum?
632 1112 761 1173 Ser.
808 1112 1063 1171 Tullium
1102 1123 1227 1191 post
1272 1115 1293 1169 ἶ
1313 1132 1426 1185 unc
1443 1154 1464 1183 ,
1521 1112 1752 1190 captiva
1793 1108 2184 1173 Corniculana
2225 1126 2452 1185 natm,

368 1205 536 1274 patre
572 1193 763 1264 nullo,
830 1202 1014 1253 matre
1050 1213 1244 1263 serva,
1301 1192 1575 1268 ingenio,
1607 1191 1845 1265 -virtute
1882 1213 2130 1270 regnum
2171 1192 2456 1255 tenues-se?

370 1274 536 1351 Quid
591 1272 747 1333 enim
798 1274 872 1331 de
914 1272 980 1332 T.
1029 1272 1195 1331 Tatio
1232 1272 1453 1333 Sabino
1493 1272 1722 1341 dicam,
1782 1292 1950 1351 quem
1989 1272 2106 1351 ipse
2145 1273 2452 1346 Romulus,

364 1373 575 1433 parens
616 1350 789 1422 urbis,
830 1350 895 1413 in
931 1352 1259 1411 societatem
1302 1351 1472 1430 regni
1505 1348 1770 1429 accepit?
1809 1352 1996 1428 Erga,
2039 1354 2184 1411 dum
2227 1357 2456 1417 nullum

349 1432 670 1511 fastiditur
701 1452 914 1509 genus,
958 1432 1022 1491 in
1060 1452 1172 1509 quo
1213 1433 1453 1492 eniteret
1491 1432 1672 1491 virtus
1685 1473 1707 1503 ,
1749 1433 1930 1491 crevit
1969 1432 2286 1511 imperium
2327 1436 2456 1495 Ro-

372 1533 632 1583 manum.
712 1512 1016 1571 Poeniteat
1074 1532 1232 1571 nunc
1282 1533 1379 1570 vos
1414 1512 1618 1590 plebeii
1653 1511 1928 1583 consulis,
1983 1532 2163 1590 quum
2203 1520 2454 1588 majores

370 1592 560 1652 nostri
594 1592 845 1651 advenas
903 1612 1061 1669 reges
1115 1613 1233 1671 non
1253 1592 1448 1667 fitstid
1455 1591 1630 1651 ierint
1646 1633 1667 1661 ,
1728 1601 1784 1650 et
1843 1612 1914 1651 ne
1951 1593 2180 1669 regibus
2217 1596 2458 1671 quidem

372 1672 589 1732 exactis
628 1672 821 1731 clausa
863 1674 995 1730 urbs
1026 1670 1212 1745 fiterit
1262 1672 1608 1749 peregrinae
1647 1670 1866 1732 virtuti.
1951 1672 2266 1732 Claudiam
2305 1686 2460 1735 certe

367 1762 603 1830 gentem
640 1761 769 1829 post
808 1772 967 1828 reges
1024 1762 1255 1810 exactos
1295 1772 1368 1810 ex
1406 1752 1636 1811 Sabinis
1675 1772 1794 1811 non
1833 1752 1898 1809 in
1935 1751 2232 1812 civitatem
2273 1758 2460 1815 modo

370 1831 724 1910 accepimus,
778 1833 881 1889 sect
922 1829 1099 1905 etiam
1156 1830 1219 1890 in
1278 1830 1665 1910 patriciorum
1711 1829 2067 1892 numerum?
2145 1834 2246 1891 Est.-
2285 1856 2463 1913 pere-

364 1912 617 2002 grinone
653 1911 953 1990 patricius,
996 1910 1208 1969 deinde
1244 1912 1446 1971 consul
1465 1908 1632 1980 fiat?
1671 1910 1812 1971 civis
1841 1910 2140 1971 Romanus
2175 1914 2232 1971 si
2263 1915 2346 1973 sit
2385 1936 2460 1975 ea:

371 1992 532 2071 plebe
542 1998 591 2061 ,'
620 1992 876 2069 praecisa
916 1992 1240 2050 consulatus
1278 2010 1400 2067 spes
1437 1988 1585 2049 erit?
1648 2001 1846 2049 utrum
1887 1993 2120 2050 tandem
2161 2014 2286 2053 non
2324 2016 2460 2053 cre-

374 2071 572 2131 dimus
588 2070 741 2141 ,fieri
777 2092 953 2149 posse,
1000 2080 1065 2128 ut
1104 2070 1194 2131 vir
1223 2070 1400 2146 sortis
1436 2090 1508 2128 ac
1545 2081 1836 2141 strenuus,
1877 2090 2018 2149 pace
2057 2072 2334 2151 belloque·
2351 2076 2462 2132 bo-

372 2170 510 2223 nus,
556 2172 628 2209 ea:
662 2151 854 2229 plebe,
896 2151 972 2210 sit
1011 2150 1263 2222 Numae,
1307 2151 1375 2208 L.
1427 2150 1764 2227 Tarquinio,
1803 2150 1930 2210 Ser.
1979 2150 2167 2210 Tullio
2207 2150 2462 2214 similis?

371 2230 474 2290 An.
511 2252 613 2302 ne,
669 2230 723 2289 si
756 2230 863 2300 sit,
924 2230 1159 2307 quidem
1182 2231 1280 2288 ad
1332 2231 1727 2306 guber-maula
1783 2229 2124 2308 reipublicae
2177 2237 2462 2294 accedere
2531 2238 2533 2305 ζ

371 2332 503 2373 eum
520 2308 852 2389 patiemur?
890 2310 1187 2389 potiusque
1222 2310 1582 2379 decemviris,
1627 2310 1932 2370 teterrimis
1950 2306 2044 2383 *ἢ
2087 2315 2458 2386 mortalium,

374 2391 476 2471 qui
515 2402 641 2449 tum
675 2388 807 2465 ***)
850 2410 1045 2451 omnes
1084 2410 1157 2449 ea:
1198 2390 1468 2449 Patribus
1507 2400 1702 2461 erant,
1761 2410 1934 2468 quam
1975 2389 2208 2467 optimis
2247 2414 2466 2471 regum
2531 2434 2533 2447 .

372 2471 536 2533 novis
576 2470 924 2540 hominibus,
964 2469 1176 2529 similes
1213 2473 1466 2530 consules
1503 2490 1698 2531 sumus
1739 2466 2042 2529 habituri?

532 2550 641 2613 IV.
723 2550 804 2608 At
854 2550 1009 2611 enim
1050 2572 1221 2609 nemo
1279 2558 1407 2628 post
1462 2572 1621 2628 reges
1661 2560 1888 2609 exactos
1945 2551 2019 2608 de
2055 2549 2216 2629 plebe
2257 2555 2468 2613 consul
2531 2554 2533 2611 Ξ

354 2632 511 2711 suit.
574 2629 739 2709 Quid
776 2624 1015 2710 postea?
1054 2630 1308 2697 Nullane
1348 2652 1436 2690 res
1475 2652 1624 2691 nova
1665 2627 1891 2691 institui
1925 2626 2134 2689 debet?
2173 2641 2253 2699 et,
2299 2636 2466 2709 quod
2531 2658 2533 2669 2

377 2713 643 2773 nondum
682 2710 1043 2789 estfactum,
1086 2710 1296 2788 (multa
1334 2711 1488 2769 enim
1529 2712 1794 2769 nondum
1831 2720 1965 2769 sunt
1985 2710 2159 2786 facta
2199 2710 2266 2769 in
2305 2734 2468 2771 novo
2531 2760 2533 2771 .

376 2787 613 2872 populo)
656 2810 743 2860 ea,
804 2812 875 2851 ne
914 2790 966 2851 si
1006 2791 1170 2849 utilia
1208 2791 1440 2867 quidem
1482 2790 1598 2851 sint
1615 2835 1631 2863 ‚
1657 2790 1809 2861 fieri
1845 2786 2114 2869 oportet?
2195 2791 2468 2863 Pontifi-

376 2893 484 2942 ces,
525 2890 806 2949 augures,
834 2870 1087 2931 Romulo
1126 2881 1424 2947 regnante,
1467 2871 1614 2929 nulli
1649 2880 1815 2931 erant
1833 2898 1850 2929 .-
1911 2872 1985 2927 ab
2023 2870 2230 2929 Numa
2271 2872 2472 2932 Pom-

378 2954 521 3031 pilio
564 2951 747 3010 creati
780 2960 931 3010 sunt.
992 2970 1189 3011 census
1228 2950 1290 3009 in
1329 2950 1562 3009 civitate
1599 2961 1656 3011 et
1705 2948 2014 3029 descriptio
2051 2952 2474 3013 centuriarum
2532 2980 2533 2989 ¹

376 3032 749 3109 classiumque
789 3052 909 3089 non
946 3040 1069 3091 erat
1090 3057 1106 3089 .-
1148 3030 1222 3088 ab
1255 3030 1388 3090 Ser.
1410 3030 1598 3089 Tullio
1637 3040 1719 3089 est
1735 3032 1926 3106 fite-ta}
1972 3028 2242 3107 Consules
2275 3052 2472 3093 num-

378 3132 553 3191 quam
572 3114 861 3187 fuerant.-
906 3112 1133 3188 regibus
1172 3109 1386 3170 exactis
1425 3112 1608 3169 creati
1641 3120 1790 3169 sunt.
1833 3110 2154 3171 Dictatoris
2191 3131 2300 3171 nec
2345 3114 2475 3172 im-

376 3191 609 3271 perium
646 3210 752 3249 nec
792 3212 1001 3249 nomen
1021 3194 1233 3267 fuerat
1250 3217 1266 3247 .·
1325 3192 1487 3269 apud
1523 3200 1714 3269 patres
1751 3210 1861 3251 esse
1915 3188 2120 3266 coepit.
2209 3190 2480 3253 Tribuni

378 3271 573 3350 plebis,
615 3269 843 3339 aediles,
886 3282 1236 3347 quaestores,
1281 3271 1428 3329 nulli
1465 3280 1657 3329 erant:
1719 3270 2044 3329 institutum
2081 3279 2200 3339 est,
2247 3281 2316 3329 ut
2337 3274 2474 3341 ste-

380 3360 528 3410 rent.
610 3348 979 3410 Decemviros
1038 3351 1255 3427 legibus
1312 3349 1625 3409 scribendis
1663 3349 1820 3409 intra
1873 3352 2071 3409 decem
2129 3350 2236 3409 hos
2273 3371 2478 3417 anuos

378 3440 438 3491 et
474 3428 824 3499 creavimus,
870 3439 926 3489 et
962 3451 994 3489 e
1034 3430 1324 3507 republica
1361 3430 1704 3489 sustulimus.
1788 3430 1932 3505 Quis
1971 3430 2234 3499 dubitat,
2293 3436 2478 3508 quin,

382 3510 449 3571 in
482 3520 781 3569 aeternum
807 3510 1240 3579 urbe·condita,
1285 3511 1545 3583 in****)
1599 3509 1921 3569 inmensum
1957 3520 2264 3579 crescente,
2307 3516 2480 3573 nova
2529 3536 2531 3573 :

380 3588 661 3668 imperia,
701 3590 1055 3659 sacerdotia,
1106 3593 1249 3665 jura
1283 3590 1548 3667 gentium
1587 3590 1998 3663 hominumque
2038 3590 2484 3655 instituantur?
2529 3612 2531 3661 ;

380 3671 513 3731 Hoc
552 3669 760 3749 ipsum,
802 3690 875 3729 ne
911 3669 1267 3729 connubium
1300 3670 1568 3729 Patribus
1605 3690 1746 3739 cum,
1771 3670 1930 3748 plebe
1968 3680 2152 3749 essset,
2189 3690 2318 3729 non
2363 3676 2484 3735 de-
2529 3718 2531 3751 1

2529 3754 2531 3851 Ι

446 3842 505 3907 Ι0
536 3838 808 3891 Demarati
841 3836 992 3893 Crev.
1077 3838 1165 3903 ss)
1200 3840 1480 3894 deterrimis
1515 3835 1690 3900 (ἦπου.
1739 3836 1896 3897 Crev.
1978 3838 2098 3905 Νὴ)
2129 3838 2208 3891 sic
2242 3838 2484 3913 Kreyss.
2529 3856 2531 3938 1

546 3906 893 3980 ωηαινιιὶς.
959 3904 1109 3974 “**”)
1142 3918 1193 3959 et
1224 3906 1484 3977 infit-ev..
