2534 4309
283 124 376 195 28
691 70 1240 202 innn'nl.
1344 129 1604 199 Car.
1692 87 1971 214 29.5o.

272 314 513 383 clamor
552 319 812 391 hostilis
873 332 942 385 et
991 340 1216 383 cursus
1267 334 1397 403 per
1447 320 1677 385 urbem
1730 336 2119 387 amatorum
2172 324 2415 389 omnia

273 398 452 464 ferro
496 400 875 489 flammaque
915 402 1180 465 miscet:
1246 400 1367 464 sed
1424 402 1757 465 silentium
1814 404 2004 467 triste
2032 402 2039 423 '
2066 424 2141 469 ae
2196 406 2416 469 tacita

274 482 610 547 moestitia
649 487 739 548 ita
783 482 1005 545 defixit
1043 482 1337 547 ,omnium
1376 482 1664 559 animos,
1708 498 1809 559 ut,
1854 488 2012 566 'prae
2052 499 2231 549 metu
2272 484 2415 549 ob-

272 560 412 637 liti,
475 563 633 661 quid
671 565 1163 649 relinquerent,
1224 562 1385 659 quid
1424 568 1643 625 secum
1680 558 1975 640 ferrent,
2039 564 2415 631 deficiente

275 644 580 720 consilio,
627 648 1118 731 rogitantesque
1160 643 1274 726 alii
1320 642 1507 720 alios,
1555 665 1729 730 nunc
1772 645 1844 709 in
1884 645 2221 711 liminibus
2263 661 2411 711 sta-

275 739 466 800 rent,
525 747 698 791 nunc
743 724 1094 790 errabundi
1139 723 1591 800 domossuas,
1661 726 1953 787 ultimum
1994 724 2155 787 illud
2212 728 2413 791 visu—

271 804 370 878 ri,
433 809 971 891 pervaga1·entur.‘
1047 808 1130 868 Ut
1179 826 1340 869 vero
1394 804 1520 885 jam
1574 806 1864 889 equit-um
1917 807 2155 868 clamor
2207 808 2413 871 exire

275 872 640 965 iubentium
684 888 985 963 instabat,
1030 884 1155 966 jam
1197 886 1421 969 fragor
1464 901 1804 961 tectorum,
1850 910 2016 971 quae
2040 886 2412 961 dirueban-

275 979 406 1041 tur,
449 968 692 1032 ultimis
736 968 918 1031 urbis
959 966 1255 1050 partibus
1302 966 1703 1042 audiebatur,
1752 968 2121 1051 pulvisque,
2167 992 2249 1031 ex
2296 970 2411 1031 di·
2467 1010 2468 1013 =

275 1048 594 1113 stantibus
638 1049 802 1113 locis
849 1062 1051 1124 ortus,
1095 1048 1274 1112 velut
1316 1048 1499 1109 nube·
1536 1047 1795 1112 inducta
1840 1052 2055 1112 omnia
2094 1050 2408 1133 inpleve-

276 1141 448 1208 rat3,
513 1132 782 1212 raptim,
843 1130 1078 1215 quibus
1153 1130 1433 1225 quisque
1498 1143 1797 1271 zeter-at,
1890 1131 2116 1223 elatis,
2194 1153 2411 1215 quum

275 1206 481 1271 larem
523 1232 598 1273 ac
631 1225 902 1293 penates
921 1224 1241 1293 tectaque,
1288 1232 1358 1272 in
1402 1232 1515 1295 qm
1564 1233 1639 1275 us
1682 1226 1867 1303 natus
1912 1214 2189 1295 quisque
2230 1211 2409 1273 edu-

215 1352 226 1367 ,
279 1303 588 1376 natusque
661 1305 874 1366 esset,
954 1290 1407 1373 relinquentes
1450 1304 1762 1353 ‚exirentt
1840 1311 1968 1371 jam
2044 1292 2411 1358 continens

277 1391 512 1453 agmen
552 1371 968 1455 migrantium
1023 1373 1388 1453 inpleverat
1427 1372 1601 1433 vias:
1662 1384 1729 1433 et
1780 1386 2169 1456 conspectus
2228 1373 2409 1435 alio-

279 1472 426 1513 rum
477 1466 690 1516 mutua
741 1453 1161 1517 miseratione
1219 1452 1587 1533 integrabat
1638 1450 1955 1515 lacrimas.
2040 1454 2411 1538 Vocesq'ue

281 1532 492 1595 etiam*
534 1530 940 1597 miserabiles
1003 1532 1551 1609 exaudiebantur3
1620 1530 1965 1595 mulierum
2012 1533 2405 1616 praecipue,

281 1634 478 1697 quum
537 1612 807 1678 obsessa
867 1614 946 1676 ab
1007 1613 1267 1683 armatis
1328 1614 1566 1695 templa
1620 1626 1887 1697 augusta
1928 1615 2401 1697 praeterirent,

281 1714 358 1755 ac
426 1694 602 1759 velut
671 1709 895 1777 captos
970 1696 1425 1780 relinquerent
1492 1696 1695 1757 Deos.
1798 1694 2103 1777 Egressis
2160 1696 2409 1757 urbem

280 1772 575 1849 Albania,
619 1778 946 1838 Romanus
987 1777 1240 1859 passim
1318 1772 1531 1837 ublica
1566 1774 1946 1858 privataque
1986 1775 2200 1837 omnia
2220 1790 2405 1839 tecta

280 1852 596 1937 adaequat
669 1856 809 1918 solo
831 1900 850 1930 ,
940 1876 1197 1941 unaque
1312 1878 1427 1919 ora
1494 1852 2117 1941 quadringentorum
2186 1878 2403 1917 anno-

231 1931 431 1999 ''rum
472 1956 658 2031 opus,
703 1936 938 2019 quibus
979 1938 1143 2000 Alba
1185 1937 1475 2011 steterat,
1522 1934 1776 1998 excidio
1818 1956 1895 1998 ac
1936 1937 2145 1999 ruinis
2190 1936 2399 1999 dedit.

281 2016 578 2097 Templis
619 2030 834 2080 tamen
865 2020 1079 2107 Deum
1119 2018 1238 2099 (ita
1278 2017 1459 2080 enim
1496 2015 1783 2080 edictum
1824 2016 1907 2079 ab
1946 2038 2107 2103 rege
2146 2016 2401 2095 fuerat)

279 2110 705 2177 temperatum
748 2111 868 2160 est.
900 2099 931 2163 9
2214 2108 2226 2117 ’

441 2178 646 2237 XXX.
729 2182 935 2242 Roma
977 2178 1242 2247 interim
1285 2176 1527 2240 crescit
1564 2176 1769 2239 Albae
1811 2176 2044 2239 ruinis.
2101 2176 2401 2261 duplica-

275 2270 395 2318 tur·
427 2257 669 2321 civium
709 2262 1042 2322 numerus.
1127 2258 1388 2321 Coelius
1421 2255 1676 2319 additur
1694 2255 1843 2318 urbi
1860 2278 2045 2320 mons
2060 2279 2079 2335 3
2126 2273 2215 2333 et,
2263 2282 2400 2353 quo
2466 2264 2468 2297 ⁴

277 2336 690 2422 frequentius
733 2338 1154 2413 habitaretur,
1212 2360 1355 2401 eam
1398 2335 1615 2411 sedem
1657 2338 1884 2399 Tullus
1926 2336 2149 2422 regiae
2192 2354 2395 2423 capit,

279 2416 507 2500 ibique
549 2418 884 2483 habitavit.
965 2420 1315 2501 Principes
1358 2418 1757 2481 Albanorum
1798 2417 1867 2480 in
1910 2422 2164 2492 Patres,
2210 2434 2281 2483 ut
2318 2442 2397 2483 ea

281 2518 544 2581 quoque
635 2520 737 2565 ars
781 2501 880 2563 rei
911 2500 1211 2584 publicae
1247 2514 1593 2571 cresceret,
1637 2499 1800 2580 legit
1816 2498 2069 2563 Tullios
2086 2500 2189 2578 *),
2234 2502 2395 2563 Ser-

278 2578 511 2653 vilios,
557 2519 940 2672 ᾇιιίῃοιίοε,
1000 2582 1363 2665 Geganios,
1426 2579 1785 2654 Curiatios,
1831 2580 2188 2643 Cloeliose·
2224 2594 2395 2643 tem-

275 2658 588 2803 plumque
652 2661 872 2725 ordini
923 2661 1003 2723 ab
1045 2683 1117 2723 se
1162 2676 1351 2724 aucto
1394 2658 1637 2722 curiam
1695 2659 1893 2734 fecit,
1954 2664 2395 2744 quae-Hosti-

307 2738 368 2801 ia
419 2760 629 2825 usque
693 2742 774 2803 ad
815 2757 1067 2825 patrum
1127 2756 1501 2809 nostrorum
1560 2754 1836 2803 aetatem
1887 2740 2209 2825 adpellata
2268 2757 2393 2806 est.

279 2831 386 2895 et,
448 2834 520 2885 ut
580 2826 866 2891 omnium
932 2822 1235 2886 ordinum
1287 2821 1539 2887 viribus
1598 2819 1848 2905 aliquid
1904 2842 1983 2883 ex
2037 2843 2210 2885 novo
2268 2846 2392 2907 po-
2467 2846 2468 2849 ¹

277 2908 354 2973 U.
391 2914 457 2972 C.
505 2933 622 2974 mo.
753 2906 912 2987 pulo
955 2904 1383 2986 adjiceretur,
1428 2903 1716 2983 equitum
1760 2900 1984 2964 decem
2024 2916 2269 2967 turmas
2312 2924 2393 2967 ex

276 2982 353 3040 A·
391 2982 452 3037 C-
491 2984 610 3039 65²·
751 2984 1021 3049 Albanis
1063 2985 1246 3066 legit.
1292 2988 1659 3065 -Legiones
1695 2998 1791 3046 *et
1847 2996 2104 3057 ¹veteres
2160 2984 2393 3048 eodem
2467 2994 2468 3003 ¹

277 3071 729 3153 supplemento
773 3066 1086 3148 explevit,
1125 3080 1194 3129 et
1233 3084 1431 3128 novas
1478 3064 1763 3146 scripsit.
1838 3068 1976 3129 Hac
2012 3062 2253 3143 fiducia
2294 3068 2394 3129 vi-

273 3150 449 3215 rium
487 3154 719 3214 Tullus
764 3148 1022 3223 Sabinis
1066 3147 1311 3208 bellum
1353 3146 1621 3220 indicit,
1664 3145 1848 3227 genti
1891 3166 1965 3206 ea
2006 3158 2391 3231 tempestate

281 3232 634 3297 secundum
653 3236 971 3296 Etruscos
993 3226 1523 3310 opulentissimae
1544 3226 1704 3289 viris
1724 3228 2071 3312 armisque.
2107 3260 2115 3263 -
2150 3230 2391 3289 Utrim-

276 3332 418 3393 que·
449 3312 728 3395 injuriae
770 3310 1012 3384 factae,
1071 3330 1146 3371 ac
1184 3330 1297 3372 res
1340 3308 1776 3394 nequidquam
1821 3322 2005 3369 erant
2044 3308 2391 3389 repetitae.

279 3394 512 3459 Tullus
572 3392 655 3455 ad
693 3392 1020 3455 Feroniae
1079 3390 1303 3451 fanum
1360 3402 1649 3453 mercatu
1707 3386 2035 3473 frequenti
2096 3388 2389 3473 negot-ia-

275 3482 459 3539 tores
517 3476 846 3538 Romanos
903 3470 1417 3567 compr-ehensos
1480 3469 1891 3557 querebatur.
1950 3466 2177 3532 Sabini
2240 3492 2391 3533 suos

221 3618 224 3621 ,
275 3555 462 3639 prius
503 3555 574 3617 in
617 3557 834 3617 lucum
874 3553 1252 3635 confugisse
1298 3574 1371 3616 ac
1406 3554 1649 3616 Romae
1691 3532 2002 3613 reterftos.
2044 3550 2168 3611 hae
2212 3572 2387 3615 caus-

276 3657 390 3701 sae
454 3634 615 3698 belli
677 3635 1082 3697 ferebantur.
1182 3634 1442 3709 Sabini,
1516 3629 1689 3694 haud
1746 3652 1971 3711 parum
2031 3652 2385 3703 memores,
2467 3692 2468 3695 ,

281 3731 350 3779 et
389 3736 648 3779 suarum
686 3716 924 3780 virium
963 3730 1216 3796 partem
1274 3718 1519 3789 Romae
1572 3712 1653 3775 ab
1706 3714 1895 3777 Tatio
1952 3713 2229 3785 locatam
2250 3755 2267 3789 ,
2326 3724 2391 3773 et
2467 3726 2468 3771 ὲ

273 3800 634 3861 Romanam
699 3816 840 3861 rem
893 3816 1108 3880 nuper
1161 3795 1360 3861 etiam
1423 3793 1787 3877 adjectione
1865 3796 2098 3879 populi
2156 3792 2387 3859 Albani
2467 3832 2468 3847 2

343 3964 406 4034 ⁴¹)
441 3966 614 4019 Julius
649 3965 830 4023 Cron.
867 3966 1024 4023 Crev.
