2534 4309
1385 3 1428 5 ““““
1447 3 1518 6 '-—
1635 3 1674 6 ’““
1689 3 1754 5 “’“““
1777 3 1802 5 ““
1823 1 2242 26 Ὗ’“”-ΨἭ-Ἷ’
2277 3 2298 4 ”
2343 3 2366 4 ”

489 145 1450 270 L1senX00390
1554 199 1843 272 limax.
2058 185 2205 267 485

121 389 483 484 imperator
523 402 692 464 erat,
747 387 1076 452 altercatio
1118 387 1295 452 inter'
1330 386 1641 472 pullarios
1692 397 1832 446 orta
1874 382 1955 446 de
1994 381 2211 478 auspi·
2278 386 2283 396 “

121 488 230 531 cio
285 466 424 548 ejus
477 467 643 544 diei,
707 467 1124 554 exauditaque
1175 469 1259 530 ab·
1310 467 1638 552 equitibus
1677 464 2011 529 Romanis:
2075 486 2209 550 qut,

118 569 262 610 rem
301 547 472 610 haud
511 549 940 644 spernendam
979 549 1123 623 rati,
1169 551 1281 631 Sp.
1312 547 1576 630 Papirio
1616 545 1837 612 fratris
1877 541 2013 607 filio
2056 565 2213 607 con·
2318 529 2323 535 ¹

24 683 26 686 ,
119 629 302 703 aulis,
347 629 516 692 ambi
561 651 586 689 ι
628 629 709 691 de
750 629 1058 711 auspiciu,
1100 627 1650 693 renuntiaverunt.
1732 624 2022 698 Juvenis‚
2066 636 2215 688 ante

123 706 485 771 doctrinam
519 651 706 772 {eos
758 723 1179 792 spernentem
1218 725 1435 784 natus,
1494 727 1635 770 rem
1676 705 1743 767 in
1789 704 2076 780 uisitam,
2128 725 2215 766 ne

124 787 286 873 quid
337 790 550 851 incom
602 803 808 853 ertum
862 789 1154 852 deferret
1207 787 1289 850 ad
1342 787 1700 862 consulem,
1810 784 2011 847 etulit.
2094 783 2217 845 Cui

119 869 263 944 ille,
315 873 406 930 Tu
442 810 679 950 quigem
703 879 888 930 macta
925 870 1140 932 virtuts
1181 869 1601 948 diligentiaque
1630 877 1783 928 esto:
1824 875 2079 926 ceterum
2117 863 2222 957 qui

119 949 385 1028 auspicio
425 952 618 1022 adest,
671 950 726 1009 si
763 950 905 1030 quid
925 949 1080 1027 fabi
1111 949 1385 1021 nuntiat,
1428 949 1492 1009 in
1528 957 1705 1010 semet
1742 945 1934 1028 ipsum
1970 943 2085 1005 rel'
2124 963 2219 1002 ιο-

117 1051 261 1090 nom
302 1029 534 1109 recipit.
587 1030 756 1088 Mihi
787 1029 1024 1109 quidem
1065 1030 1397 1111 tripudium
1436 1028 1790 1098 nuntiatum,
1832 1025 2047 1108 populo
2146 1042 2220 1082 o-

118 1131 308 1171 mano
367 1108 754 1188 exercituique
804 1109 1111 1190 egregium
1159 1110 1485 1192 auspicium
1534 1119 1633 1168 est.
1717 1101 2219 1186 Centurionibus

119 1187 369 1254 deinde
409 1189 782 1270 imperavit,
823 1203 897 1252 ut
936 1189 1246 1271 pullarios
1291 1190 1465 1250 inter
1505 1188 1713 1269 prima
1754 1187 1936 1268 signa
1976 1183 2249 1246 eonsti·'

117 1283 408 1334 tuerent.
474 1273 870 1332 Promovent
911 1283 976 1330 et
1016 1269 1335 1332 Samnites
1378 1267 1598 1349 signa3
1644 1268 1785 1328 inse
1832 1266 2006 1328 uitur
2045 1263 2221 1326 acies

41 1411 52 1426 ,
119 1361 372 1414 ornata·
393 1361 785 1432 armataque,
845 1362 918 1410 ut
953 1349 1238 1410 hostium
1280 1366 1534 1431 quoque
1586 1347 1799 1430 magni
1849 1367 1991 1408 cum
2032 1363 2219 1426 spec·-

117 1431 408 1499 taculum
450 1441 643 1491 esset.
725 1428 1106 1512 Priusquam
1161 1421 1810 1501 clamor-tolleretur,
1874 1441 2219 1485 concurre-

117 1525 472 1604 returque‚
536 1507 780 1569 emisso·
817 1520 1060 1569 temere
1103 1506 1241 1588 pilo
1284 1505 1447 1568 ictus
1486 1505 1795 1586 pullarius
1849 1515 1995 1566 ante
2036 1500 2223 1582 signs

121 1589 384 1654 cecidit.
445 1586 620 1672 quod
673 1586 789 1647 nbi
841 1587 1091 1650 consuli
1149 1586 1508 1647 nuntiatum
1564 1600 1692 1661 est,
1748 1584 1860 1644 Dii
1897 1583 1963 1642 in
1996 1578 2221 1660 proelio
2257 1647 2261 1652 p

117 1681 280 1742 sunt,
323 1665 576 1752 inquit3
619 1665 792 1726 habet
825 1687 1078 1746 poenam
1119 1666 1369 1726 noxium
1406 1676 1599 1746 caput.
1681 1664 1851 1728 Ante
1892 1660 2224 1724 consulem

119 1751 291 1813 haec
344 1747 670 1810 dicentem
724 1764 958 1810 corvus
1012 1765 1172 1810 voce
1231 1746 1401 1808 clara
1456 1742 1766 1807 obcinuit.
1835 1763 1965 1828 quo
2017 1741 2222 1802 laetus
2310 1810 2317 1824 ι

121 1828 402 1913 augurio
442 1826 711 1900 consul,
756 1823 1095 1887 adfirmans
1135 1845 1477 1910 numquam
1516 1825 1809 1888 humanis
1851 1822 2049 1885 rebus
2089 1839 2221 1880 ma·

122 1911 232 1994 gis
275 1920 650 1990 praesentes
692 1904 1070 1968 interfuisse
1108 1907 1309 1981 Deos,
1354 1906 1538 1990 signa
1581 1924 1834 1980 canere,
1864 1916 1947 1966 =et
1986 1901 2222 1964 clamo-

122 2011 272 2053 rem
311 1987 458 2049 tolli
495 1985 702 2065 iussit.

289 2069 457 2128 xm.
541 2064 871 2129 Proelium
925 2065 1335 2130 commissum
1392 2079 1635 2137 atrox,.
1682 2053 1969 2128 ceter'um
2026 2064 2224 2157 longe

130 2146 503 2287 disparibus
547 2146 795 2208 animis.
848 2149 1172 2221 Romanos
1213 2145 1331 2219 ira,
1377 2164 1551 2240 spes,
1595 2142 1789 2208 ardor
1830 2143 2221 2220 certaminis,

125 2230 232 2292 avi
281 2248 356 2290 os
395 2227 677 2289 hostium
719 2226 1046 2308 sanguinis
1103 2226 1174 2287 in
1214 2227 1534 2308 proelium
1575 2224 1781 2305 rapitt
1844 2223 2225 2286 Samnitium

125 2328 418 2391 magnam
457 2319 707 2389 partem
747 2306 1100 2368 necessitas
1141 2323 1215 2368 ac
1241 2305 1480 2390 religio
1523 2305 1759 2367 invitos
1782 2303 1985 2386 magis
2023 2303 2222 2364 resis-

123 2404 296 2462 tere,
431 2407 527 2448 am
560 2386 810 2448 inferre
851 2405 1145 2468 pugnam,
1191 2406 1269 2449 co
1318 2387 1388 2447 it.
1429 2405 1553 2448 nec
1587 2384 2044 2446 sustinuissent
2084 2381 2223 2464 pri-

123 2489 300 2532 mum
341 2409 688 2530 gilimerem
728 2479 790 2528 at
839 2487 918 2527 ue
960 2467 1250 2548 inpetum
1354 2486 1754 2539 omanorum,
1816 2484 1939 2549 per
1976 2461 2226 2545 aliquot

122 2549 253 2630 jam
295 2567 498 2608 annos
553 2546 729 2608 vinci
771 2568 808 2607 a
855 2547 1060 2619 sueti,
1123 2546 1194 2606 ni
1238 2547 1569 2629 potentior
1610 2545 1771 2606 alius
1812 2557 2016 2605 metus
2058 2541 2221 2604 insi-

126 2627 290 2694 dens
331 2627 707 2709 pectoribus
750 2647 786 2687 a
825 2626 976 2709 fuga
1017 2627 1353 2688 retineret.
1422 2626 1684 2722 Quippe
1726 2627 1791 2686 in
1837 2623 2041 2685 oculis
2084 2636 2227 2686 erat

121 2709 340 2770 omnis
367 2705 496 2769 ille
537 2706 772 2770 occulti
811 2720 1066 2790 paratus
1111 2707 1302 2781 sacri,
1349 2721 1415 2769 et
1456 2704 1680 2766 armati
1720 2703 2112 2777 sacerdotes,
2136 2717 2225 2765 -et

171 2787 498 2850 romiscua
549 2785 880 2848 hominum
932 2783 1379 2868 pecudumque
1432 2795 1712 2868 strages,
1774 2797 1838 2846 et
1877 2801 2222 2878 respersae

119 2811 330 2932 Fando
365 2865 772 2952 nefandoque
815 2867 1126 2950 sanguine
1167 2887 1347 2942 arae,
1409 2880 1475 2928 et
1516 2864 1654 2926 dira
1696 2877 2087 2937 exsecratio,
2148 2879 2227 2924 ac

121 2946 367 3011 furiale
409 2967 698 3020 carmen,
757 2943 1170 3016 detestandae
1213 2943 1493 3007 familiae
1537 2944 1856 3030 stirpique
1899 2941 2219 3024 composi-

120 3044 279 3092 tum.
338 3023 443 3088 bis
483 3026 760 3094 vinculis
799 3025 992 3112 fugae
1036 3026 1332 3089 obstricti
1393 3025 1677 3096 stabant,
1744 3025 1953 3087 civem
1993 3022 2219 3106 magis,

123 3129 318 3194 quam
357 3107 627 3180 hostem,
673 3107 995 3169 timentes.
1079 3109 1323 3167 Instare
1362 3107 1687 3167 Romanus
1726 3127 1759 3166 a
1804 3124 2005 3167 cornu
2044 3117 2221 3165 utro-

121 3209 274 3274 que,
322 3210 356 3250 a
398 3185 610 3248 media
650 3185 812 3259 acie,
857 3201 923 3248 et
964 3183 1235 3248 caedere
1277 3185 1567 3247 Deorum
1606 3180 2063 3267 hominumque
2110 3182 2219 3246 ad-

119 3269 369 3331 tonitos
413 3283 606 3330 metu.
647 3280 1042 3352 repugnatur
1081 3265 1392 3350 segniter,
1438 3277 1507 3326 ut
1550 3265 1629 3326 ab
1669 3265 1777 3338 iis,
1824 3287 1984 3348 quos
2027 3263 2223 3325 timor
2294 3279 2303 3291 “

119 3361 490 3412 moraretur
529 3369 564 3408 a
603 3345 775 3428 fuga.
849 3347 989 3436 Jam
1027 3366 1153 3430 pro
1204 3365 1240 3406 e
1282 3343 1361 3406 ad
1403 3345 1457 3407 si
1506 3366 1589 3406 na
1630 3344 1859 3407 caedes
1902 3365 2221 3428 pet-vene·
2294 3351 2303 3356 “

119 3443 260 3500 rav,
323 3449 516 3512 quum
557 3447 635 3488 ex
674 3442 1044 3490 transverso
1086 3447 1176 3510 pu
1199 3427 1332 3497 vis,
1394 3445 1473 3488 ve
1500 3439 1570 3486 ut
1627 3425 1693 3486 in
1740 3425 1906 3486 entis
1947 3425 2221 3507 agminis

123 3510 390 3571 incessu
428 3519 671 3578 motus,
739 3505 1050 3588 adparuit.
1135 3507 1247 3587 Sp.
1292 3505 1559 3566 Nautius
1583 3550 1598 3571 ,
1634 3503 1694 3585 1(
1760 3506 2036 3568 ctavium
2076 3509 2217 3567 Me-

119 3589 281 3654 tium
331 3587 589 3672 quidam
629 3607 773 3649 eum
809 3585 1094 3666 tradunt)
1140 3585 1264 3646 dux
1308 3585 1597 3670 alaribus⁸
1623 3583 2017 3657 cohortibus,
2060 3585 2241 3664 erat„

121 3671 460 3750 pulverem
503 3664 830 3747 majorem,
877 3687 1062 3750 quam
1189 3687 1227 3727 o
1270 3687 1564 3739 numero,
1610 3665 2011 3730 excitabant:
2057 3664 2219 3727 insi-

123 3750 358 3812 dentes
397 3746 588 3810 mulis
629 3747 888 3808 calones
929 3747 1076 3808 fron
1126 3767 1276 3808 osos
1318 3767 1531 3808 ramos
1560 3767 1678 3830 per
1720 3749 1960 3806 terram
2005 3743 2217 3805 trahe-

123 3830 316 3890 bant:
377 3847 548 3889 arma
589 3829 900 3924 signaque
991 3844 1066 3888 er
1117 3824 1437 3888 turbidam
1482 3827 1690 3887 lucem
1744 3824 1813 3886 in
1854 3825 2065 3906 primo
2106 3821 2215 3882 ad·-
2310 3855 2317 3872 ι

119 3908 470 3988 parebant=
513 3921 664 3988 post
701 3907 896 3970 altior
981 3906 1204 3968 ensior
1294 3925 1331 3965 e
1362 3903 1576 3988 pulvis
1604 3925 1639 3964 e
1730 3903 1888 3964 itum
1928 3900 2216 3986 speciem

24 4073 26 4082 Ι
119 3989 486 4072 cogentium
528 4007 756 4072 agmen
798 3985 1007 4053 dabat.
1051 3985 1216 4048 Fefe
1270 3985 1447 4068 itque
1488 4002 1622 4047 non
1702 3980 1971 4044 amnites
2000 3978 2209 4056 modo,

1582 4065 1768 4134 δι*

2373 1 2510 10 V*
