2534 4309
311 174 406 285 δᾳ
738 174 2103 256 ·L1assl.car.35.54,

313 366 496 433 bello
534 364 768 431 Latino
807 359 1186 431 Medulliam
1229 369 1587 451 compulso,
1634 365 2023 455 aliquamdiu
2074 365 2171 429 ibi
2210 372 2453 430 Marte

314 452 592 524 incerto,
636 449 814 511 varia
855 446 1151 523 victoria,
1195 464 1547 532 pugnatum
1589 462 1729 512 est:
1791 456 1940 509 na'm
1982 462 2048 512 et
2086 446 2243 511 urbs
2278 452 2456 511 ‘tuta

310 527 801 604 munitionibus,
846 528 1311 614 praesidioque
1352 528 1597 593 firmata
1618 528 1832 593 valido
1853 543 2013 605 erat,
2058 543 2145 605 et,
2186 530 2453 593 castris

285 611 390 679 ‚in
430 623 658 693 aperto
697 609 974 692 positis,
1037 608 1383 695 aliquoties
1427 612 1753 674 exercitus
1794 611 2066 675 Latinus
2126 610 2451 674 cominus

314 713 460 755 cum
499 690 807 753 Romanis
853 690 1036 773 signa
1077 692 1461 755 contulerat.
1564 692 1668 755 Ad
1722 690 2017 753 ultimum
2038 736 2056 767 ,
2119 690 2450 755 omnibus

311 770 524 853 copiis
584 771 887 833 connisus
906 812 923 845 ,
985 770 1203 835 Ancus
1261 770 1401 835 acie
1442 772 1723 855 primum
1778 771 2021 835 vincit:
2080 770 2274 846 inde,
2324 772 2451 832 in-

311 851 494 938 genti
534 848 774 934 praeda
815 849 1058 933 potitus
1081 896 1101 927 ,
1146 854 1417 915 Romam
1458 852 1663 929 redit,
1721 866 1855 915 tum
1898 872 2153 938 quoque
2194 853 2445 917 multis

309 932 600 996 millibus
660 931 1034 993 Latinorum
1093 934 1162 1003 in
1225 933 1549 999 civitatem
1578 936 1934 1016 ·acceptis;
2017 933 2253 1019 quibus
2276 976 2293 1007 ,
2361 948 2451 995 ut

307 1014 692 1109 jungeretur
733 1013 985 1075 Palatio
1027 1014 1420 1077 Aventinum
1441 1059 1457 1090 ,
1520 1013 1604 1076 ad
1640 1016 1932 1087 Murciae
1978 1012 2163 1077 datae
2200 1012 2441 1077 sedes.

308 1094 684 1161 Jamculum
743 1113 870 1177 quo
919 1114 999 1156 ue
1043 1094 1401 1175 adjectum3
1462 1117 1597 1157 non
1657 1096 1881 1177 inopia
1936 1095 2090 1171 loci,
2152 1092 2277 1156 sed
2340 1116 2443 1155 ne

285 1173 569 1261 ,quando
611 1195 690 1236 ea
728 1196 842 1234 arx
930 1175 1166 1236 ostium
1209 1190 1408 1240 esset.
1492 1170 1566 1237 Id
1604 1198 1737 1238 non
1776 1196 1963 1237 muro
2006 1177 2255 1249 solum,
2300 1174 2445 1239 sed

283 1257 526 1330 etiam,
591 1253 675 1316 ob
737 1254 1253 1318 commoditatem
1294 1256 1553 1320 itineris
1575 1302 1593 1331 ,
1656 1271 1856 1340 ponte
1920 1256 2217 1329 sublicio,
2284 1269 2441 1317 tum

307 1334 590 1421 primuni
633 1335 702 1395 in
747 1332 979 1397 Tiberi
1022 1336 1194 1399 sacto
1219 1382 1236 1411 ,
1284 1336 1593 1421 conjungi
1634 1336 1782 1399 urbi
1823 1338 2089 1419 placuit.
2186 1334 2442 1479 ῼιιίιὶ-

307 1420 472 1480 tium
515 1434 770 1500 quoque
811 1415 1019 1491 fossa,
1061 1416 1231 1478 haud
1273 1438 1541 1499 parvum
1580 1418 2043 1481 munimentum
2082 1440 2118 1479 a
2152 1439 2202 1501 p
2233 1419 2441 1479 anio-

280 1499 491 1565 ,ribus
536 1494 715 1557 aditu
757 1495 952 1572 locis,
995 1497 1162 1563 Anci
1207 1500 1386 1581 regis
1445 1520 1608 1581 opus
1672 1512 1791 1563 est.
1884 1499 2143 1583 Ingenti
2197 1500 2439 1562 incre-

303 1592 524 1643 mento
565 1573 762 1638 rebus
806 1578 1032 1652 auctis,
1078 1600 1273 1663 quum
1307 1580 1378 1641 in
1423 1592 1594 1642 tanta
1630 1578 2040 1643 multitudine
2059 1579 2435 1655 hominum,

285 1657 689 1729 ,discrimine
749 1672 930 1721 recte
997 1680 1076 1719 an
1135 1682 1481 1742 perperam
1547 1660 1702 1723 sacti
1764 1661 2057 1735 confuso,
2122 1660 2438 1723 facinora

304 1736 706 1805 clandestina
748 1734 1019 1813 fierent,
1067 1760 1291 1805 carcer
1349 1740 1431 1801 ad
1470 1755 1787 1803 terrorem
1833 1741 2260 1812 increscentis
2302 1764 2433 1803 au-

287 1819 526 1889 ,daciae
567 1816 778 1879 media
818 1818 1014 1894 Urbe,
1059 1821 1383 1884 inminens
1426 1821 1573 1884 soro
1614 1820 2008 1887 aedificatur.
2074 1826 2210 1884 Nec
2254 1822 2433 1886 urbs

301 1914 548 1963 tantum
586 1898 714 1960 hoc
756 1918 913 1996 rege
959 1903 1188 1974 crevit,
1231 1901 1351 1964 sed
1394 1903 1585 1964 etiam
1626 1924 1782 1985 ager
1822 1902 2139 1988 finesque.
2239 1903 2433 1966 Silva

299 1981 550 2047 Maesia
609 1976 1000 2059 Veientibus
1063 1980 1335 2057 ademta,
1398 2004 1605 2079 usque
1664 1980 1744 2044 ad
1813 2004 2007 2046 mare.
2064 1983 2431 2067 imperium

283 2062 647 2147 prolatum,
693 2071 760 2121 et
801 2064 870 2123 in
913 2082 1030 2123 ore
1074 2062 1335 2127 Tiberis
1364 2063 1565 2127 Ostia
1606 2062 1764 2127 urbs
1807 2064 2101 2127 condita:
2168 2064 2429 2127 salinae

301 2143 474 2207 circa
527 2142 758 2215 factae,
803 2145 1200 2243 egregieque
1241 2144 1444 2209 rebus
1480 2144 1659 2207 bello
1702 2146 1903 2229 gestis
1928 2190 1945 2221 ,
1990 2144 2171 2209 aedis
2192 2146 2429 2227 ⁴³)‘Jo-

297 2225 402 2289 vis
441 2226 640 2285 Feret
701 2219 724 2281 i
765 2224 1164 2307 amplificata.
2192 2240 2202 2263 ¹

299 2318 380 2377 U.
415 2316 480 2375 C.
525 2336 638 2371 ιη.
935 2306 1230 2367 XXXIV.
1312 2307 1496 2368 Anco
1555 2319 1892 2388 regnante,
1936 2308 2267 2381 Lucumo,
2308 2310 2427 2372 vir

299 2388 376 2445 A.
414 2387 480 2446 C.
515 2386 636 2441 631.
773 2384 1035 2469 inpiger
1054 2407 1129 2449 ae
1148 2383 1389 2451 divitiis
1432 2402 1689 2471 potem,
1732 2386 2000 2467 Romam
2030 2390 2421 2473 commigra-

287 2472 433 2547 .vit,
479 2492 556 2534 cu
606 2470 786 2549 idine
827 2467 1098 2529 maxime
1140 2486 1214 2528 ac
1274 2488 1392 2561 spe
1434 2469 1647 2551 magni
1688 2466 1998 2543 honoris,
2044 2468 2227 2549 cujus
2274 2470 2419 2532 adi-

305 2554 540 2635 piscen
591 2549 1034 2631 i'Tarquiniis
1081 2546 1260 2629 (nam
1315 2547 1410 2609 ibi
1472 2568 1728 2638 quoque
1788 2550 2139 2634 peregrina
2198 2549 2291 2613 sti
2379 2558 2417 2613 e

297 2631 613 2701 oriundus
654 2628 821 2703 erat)
881 2628 1152 2692 facultas
1193 2649 1325 2689 non
1384 2626 1689 2729 fuerant(
1717 2631 2041 2690 Damarati
2086 2632 2317 2693 Corint.
2370 2634 2415 2692 ‘i
2521 2664 2522 2687 3

301 2714 472 2777 filius
503 2729 708 2794 -erat3
770 2708 920 2795 qui,
1003 2708 1086 2771 ob
1144 2707 1500 2772 seditiones
1543 2708 1731 2773 domo
1831 2710 2139 2793 refugus,
2262 2734 2421 2773 uum

237 2853 251 2874 ,
301 2794 675 2879 Tarquiniis
715 2792 888 2855 sorte
931 2788 1357 2863 consedisset,
1403 2811 1601 2853 uxore
1644 2789 1738 2852 ibi
1825 2805 1987 2865 ueta,
2034 2790 2195 2855 duos
2262 2792 2417 2856 ilios

301 2876 549 2961 genuit.
633 2874 906 2937 Nomina
947 2871 1054 2934 his
1093 2872 1381 2931 Lucumo
1424 2887 1613 2955 atque
1654 2870 1871 2934 Aruns
1913 2872 2198 2934 fuerunt.
2279 2878 2415 2935 Lu-

303 2978 489 3021 cumo
547 2953 872 3038 superfuit
923 2949 1134 3035 patri,
1198 2949 1516 3013 bonorum
1558 2953 1842 3013 omnium
1894 2952 2128 3015 horest
2192 2954 2417 3017 Aruns

351 3038 510 3112 rior,
557 3059 746 3121 quam
785 3047 993 3117 pater,
1036 3030 1332 3107 moritur,
1378 3054 1579 3095 uxore
1623 3031 1887 3129 gravida
1928 3032 2177 3095 relicta.
2274 3038 2417 3097 Nec

223 3112 256 3135 ‘⁴
301 3059 421 3181 giu
457 3132 672 3181 manet
712 3127 1047 3197 superstes
1091 3110 1229 3175 filio
1274 3128 1497 3193 pater:
1546 3136 1656 3197 qui
1702 3136 1916 3197 quum,
1962 3112 2273 3197 ignorans
2294 3138 2415 3177 nu-

297 3220 450 3265 rum
485 3214 780 3263 ventrem
823 3196 1021 3268 serre,
1067 3192 1385 3255 inmemor
1428 3194 1497 3255 in
1540 3193 1833 3259 testando
1875 3192 2139 3277 nepotis
2184 3194 2416 3259 deces-

301 3281 526 3355 sisset,
569 3299 802 3361 puero,
847 3289 1000 3369 Post
1039 3273 1142 3335 avi
1184 3286 1456 3336 mortem
1514 3274 1583 3335 in
1638 3275 1877 3336 nullam
1920 3288 2161 3337 sortem
2204 3275 2415 3338 bono-

297 3384 443 3431 rum
487 3355 680 3434 nato,
737 3357 817 3418 ab
861 3355 1082 3437 inopia
1121 3356 1368 3437 Egerio
1412 3352 1687 3417 inditum
1726 3369 1985 3417 nomen.
2088 3356 2415 3418 Lucumo-

294 3446 370 3519 ni
417 3456 638 3507 contra
661 3481 680 3515 ‚
725 3437 1008 3499 omnium
1050 3434 1281 3497 heredi
1336 3434 1677 3511 bonorum,
1721 3458 1913 3520 quum
1959 3432 2222 3498 divitiae
2289 3436 2415 3517 jam

293 3532 548 3599 animos
591 3521 908 3592 facerent,
953 3517 1131 3579 auxit
1172 3514 1361 3577 ducta
1421 3515 1488 3578 in
1548 3515 2024 3580 matrimonium
2067 3520 2411 3603 Tanaquil,

297 3629 545 3678 summo
587 3609 736 3673 loco
777 3614 944 3673 nata,
991 3612 1057 3659 et
1096 3618 1262 3681 quae
1302 3594 1474 3659 haud
1514 3594 1707 3661 facile
1751 3596 1857 3671 iis,
1901 3593 1971 3656 in
2033 3596 2229 3662 uibus
2269 3614 2412 3661 nata

299 3708 462 3767 erat,
503 3686 851 3753 humiliora
896 3680 1144 3743 sineret
1187 3698 1283 3751 ca,
1330 3698 1491 3763 quae
1550 3618 2410 3819 innupsisset-{Spernen-

299 3758 816 3841 tibus-Etruscis
856 3766 1318 3831 Lucumonem,
1364 3760 1589 3823 exsule
1634 3760 1875 3821 advena
1918 3778 1993 3819 or
2066 3780 2169 3835 m,
2234 3760 2411 3825 ferre
2517 3768 2518 3828 ξ

301 3853 757 3937 indignitatem
799 3864 931 3909 non
992 3838 1244 3925 potuit3
1307 3840 1640 3927 oblitaque
1701 3836 2027 3925 ingenitae
2049 3832 2251 3929 ‘erga
2298 3864 2410 3927 pa·

365 4022 426 4088 ⁰)
457 4018 636 4081 Aedes
669 4016 844 4081 Gron.
883 4012 1035 4075 Cret.

1779 4107 1825 4123 κ*
