2534 4309
440 176 849 247 Lisan
928 178 1040 250 IV.
1144 180 1402 249 Car.
1485 197 1806 273 21.22.¹
2055 175 2190 264 189

94 362 431 447 pugnandi
466 344 651 446 copia
692 362 878 427 facta.
919 358 1115 427 urbes
1156 372 1367 427 tamen
1407 385 1540 429 non
1574 362 1998 451 obpugnatae,
2044 363 2194 453 quia

90 445 465 527 pestilentia
508 444 817 526 populum
859 442 1112 508 invasit.
1194 446 1283 507 Et
1324 448 1678 509 seditiones
1703 449 1894 509 'domi
1935 450 2194 533 quaesi-.-

94 542 199 587 tae
243 539 437 599 sunt,
482 544 603 605 nec
646 536 853 587 motae
892 536 1141 599 tamen,
1187 527 1266 587 ab
1313 530 1424 609 Sp.
1466 527 1703 591 Maelio
1747 530 2008 593 tribuno
2047 531 2191 611 ple-

88 606 229 683 bis;
270 605 443 691 [qui‚
508 606 731 667 favore
770 604 1054 667 nominis
1096 616 1418 687 moturum
1459 628 1532 669 se
1573 608 1818 693 aliquid
1858 622 2062 682 ratus,
2125 621 2192 672 et

89 687 382 765 Minucio
427 682 597 747 diem
637 684 910 760 dixerat,
956 696 1021 748 et
1062 687 1464 769 rogationem
1506 687 1586 748 de
1675 688 2028 751 ublicandis
2067 688 2190 751 bo·

90 768 191 827 nis
236 766 509 829 Servilii
548 765 789 828 Ahalae
828 767 1099 828 tulerat:
1161 768 1346 829 salsis
1388 768 1620 830 crimin
1695 792 1767 831 us
1827 787 1861 829 a
1903 766 2190 831 Minucio

86 848 599 911 circumventum
640 847 942 908 Maelium
1002 862 1317 928 arguens,
1383 848 1663 913 Servilio
1706 848 1968 912 caedem
2027 850 2189 912 civis

84 925 445 989 indemnati
488 925 827 1007 objiciens.
852 935 1035 1011 'quae
1075 928 1338 990 vaniora
1375 928 1458 989 ad
1501 930 1812 1023 populum
1853 930 1996 1011 ipso
2038 950 2186 991 auc·

84 1022 233 1069 tore
276 1007 491 1069 suere.
578 1010 879 1070 Ceterum
938 1008 1143 1090 magis
1185 1009 1282 1069 vis
1324 1006 1534 1083 morbi
1579 1010 2030 1092 ingravescens
2073 1010 2186 1071 c'u-

87 1109 197 1150 rae
245 1104 411 1163 erat,
455 1101 871 1171 terroresque
915 1108 988 1149 ac
1028 1086 1368 1171 prodigia:
1409 1090 1682 1171 maxime
1715 1090 1892 1174 quod
1931 1088 2184 1153 crebris

12 1190 19 1196 ·
84 1166 373 1231 motibus
418 1180 633 1229 terrae
672 1188 867 1229 ruere
908 1168 977 1229 in
1019 1169 1189 1251 agris
1232 1170 1688 1231 nuntiabantur
1728 1185 1918 1233 tecta.
1972 1168 2184 1233 Obse-

82 1251 289 1312 cratio
325 1250 541 1332 itaque
585 1270 619 1309 a
692 1248 909 1329 opulo‚
956 1246 1306 1312 duumviris
1332 1250 1814 1344 praeeuntibus,
1859 1264 1959 1312 est
1995 1250 2182 1311 sacta.

80 1328 511 1399 Pestilentior
550 1328 619 1387 in
666 1349 703 1389 e
746 1348 967 1401 annus,
1012 1330 1082 1397 C.
1114 1330 1290 1391 Julio
1334 1344 1568 1393 iterum
1611 1333 1675 1392 et
1793 1338 1864 1403 U.
1903 1362 1949 1399 c.
1987 1342 2110 1403 520.

80 1412 151 1471 L.
174 1410 493 1503 virginio
536 1408 925 1479 consulibus,
968 1422 1209 1471 tantum
1246 1420 1486 1471 met-um
1526 1430 1669 1474 vas-
1748 1444 1754 1469 .
1791 1432 1841 1471 a.
1884 1414 1947 1469 C.
1991 1414 2152 1474 infun·

81 1491 287 1552 titatis
334 1510 404 1550 m
458 1486 621 1549 urhe
661 1488 959 1573 agrisque
999 1489 1200 1563 fecit,
1260 1504 1332 1551 ut
1381 1508 1515 1551 non
1575 1489 1768 1552 modo
1827 1482 2180 1571 praedandi

80 1592 311 1633 caussa
342 1565 675 1653 quisquam
716 1590 796 1630 ex
838 1586 993 1650 agro
1029 1568 1323 1632 Romano
1365 1586 1496 1633 non
1537 1572 1762 1642 exiret,
1805 1566 2042 1632 bellive
2075 1569 2178 1628 in-

78 1649 348 1713 ferendi
388 1650 695 1711 memoria
735 1644 1037 1713 Patribus
1076 1662 1183 1711 aut
1220 1649 1403 1745 plebi
1445 1664 1652 1728 esset3
1695 1650 1814 1712 sed
1853 1650 2023 1711 ultro
2065 1648 2176 1711 Fi-

84 1730 388 1805 denates,
433 1730 545 1813 qui
587 1750 657 1791 se
698 1729 912 1810 primo
956 1742 1062 1791 aut
1102 1752 1139 1791 o
1186 1730 1343 1811 pido
1384 1744 1492 1791 aut
1517 1732 1851 1803 'montibus
1893 1744 2000 1791 aut
2038 1750 2176 1791 mu-

80 1812 169 1873 ris
213 1823 605 1883 tenuerant,
667 1831 752 1891 po
802 1807 1103 1871 ulabundi
1192 1808 1628 1873 escenderent
1673 1812 1740 1871 in
1781 1830 2000 1893 agrum
2041 1812 2176 1871 Ro-

80 1910 362 1954 manum.
410 1889 667 1963 deinde,
774 1888 1081 1970 cientium
1124 1888 1413 1953 exercitu
1455 1889 1686 1965 adcito‚
1735 1890 1902 1965 (nam
1939 1888 2178 1952 Falisci
2229 1966 2234 1969 Ι

84 1968 369 2055 perpelli
412 1969 492 2031 ad
534 1968 1005 2032 instaurandum
1047 1968 1320 2045 bellum,
1377 1990 1590 2055 neque
1631 1971 1808 2034 clade
1850 1972 2176 2041 Romano-

86 2074 261 2125 rum,
345 2072 433 2112 ne
524 2072 561 2112 e
624 2051 947 2113 sociorum
998 2052 1337 2131 precihus,
1400 2052 1704 2132 potuere)
1763 2050 1890 2112 duo
1949 2046 2177 2132 populi

83 2132 405 2194 transiere
434 2072 782 2211 Eienem3
826 2144 1015 2215 atque
1038 2130 1208 2193 haud
1238 2133 1468 2212 procul
1503 2132 1751 2194 Collina
1773 2141 1960 2213 porta
1993 2135 2179 2214 signa

80 2212 425 2276 habuere.'
478 2208 893 2293 Trepidatum
935 2212 1178 2293 itaque,
1220 2231 1355 2275 non
1398 2212 1464 2271 in
1505 2212 1676 2295 agris
1717 2208 1940 2293 magis,
1987 2232 2176 2295 quam
2223 2226 2226 2231 ·
2264 2254 2268 2259 -

82 2292 143 2352 in
172 2290 367 2365 urbe,
414 2305 536 2356 est.
605 2291 827 2357 'Julius
870 2293 1089 2353 consul
1131 2291 1198 2352 in
1239 2312 1320 2374 ag
1365 2312 1476 2355 ere
1516 2292 1860 2376 murisque·
1899 2293 2178 2372 explicat

82 2375 329 2455 copias.
388 2394 427 2432 a
465 2370 767 2456 virginio
821 2384 1079 2434 senatus
1132 2372 1201 2432 in
1254 2312 1422 2434 aeffie’
1473 2368 1734 2463 Quirini
1794 2370 2171 2437 consulitur.

78 2454 485 2516 Dictatorem
524 2450 654 2515 dici
694 2453 770 2515 A.
808 2450 1151 2514 Servilium
1192 2453 1424 2533 placet,
1469 2454 1574 2515 cui
1617 2453 1842 2516 Prisco
1884 2452 2017 2526 alii,
2062 2451 2174 2511 alii

82 2536 343 2597 Structo
383 2531 585 2593 fuisse
626 2552 983 2615 cognomen
1035 2529 1314 2594 tradunt.
1377 2508 1739 2616 Virginius,
1785 2533 1927 2593 dum
1973 2534 2170 2595 colle-

81 2634 219 2697 gam
260 2614 667 2686 consuleret,
708 2626 1021 2686 moratus,
1067 2614 1482 2695 permittente
1526 2634 1627 2687 eo,
1673 2628 1860 2677 nocte
1905 2612 2172 2675 dictato-

87 2716 221 2755 rem
279 2693 471 2754 dixit.
530 2692 592 2753 is
630 2690 757 2755 sibi
794 2692 1165 2777 magistrum
1216 2694 1503 2778 equitum
1543 2696 1911 2757 Postumum
1953 2692 2171 2754 Aebu-

84 2776 242 2836 tium
286 2774 515 2835 Eivam
556 2772 733 2835 dicit.
893 2784 899 2792 '
1259 2811 1265 2818 ·
1469 2802 1475 2817 ·

242 2856 452 2915 xxn.
534 2854 827 2917 Dictator
903 2870 1126 2916 omnes
1204 2849 1350 2915 luce
1416 2849 1622 2935 prima
1684 2864 1858 2916 extra
1966 2862 2169 2915 ortam

80 2936 403 2997 Collinam
460 2934 689 2996 adesse
743 2933 945 3015 jubet.
1040 2933 1564 3029 Quibuscumque
1623 2930 1797 2995 vires
1864 2954 1936 2993 su
1983 2946 2166 3015 pete-

76 3016 229 3077 bant
268 3014 357 3076 ad
394 3026 564 3076 arma
594 3014 907 3089 ferenda,
968 3028 1227 3096 praesto
1267 3014 1491 3077 suere:
1553 3010 1736 3097 signa
1779 3032 1858 3075 ex
1915 3012 2166 3073 aerario

124 3109 339 3157 romta
391 3094 687 3157 feruntur
742 3094 822 3156 ad
862 3094 1280 3157 dictatorem.¹
1339 3096 1522 3191 Quae
1563 3114 1756 3234 (haum
1797 3106 2192 3175 agerentur„

122 3191 301 3238 ostes
360 3174 431 3236 in
485 3176 626 3238 loca
686 3174 912 3238 altiora
967 3194 1373 3239 concessere.
1450 3194 1530 3236 eo
1623 3174 1856 3237 ictator
1913 3174 2168 3256 agmine

82 3258 329 3318 infesto
366 3255 579 3317 subit:
624 3276 747 3318 nec
789 3257 1015 3338 procul
1054 3260 1371 3318 Nomento
1413 3254 1618 3338 signis
1663 3253 1954 3329 conlatiS,
1999 3252 2169 3315 fudit

78 3340 382 3399 Etruscas
426 3338 739 3419 legiones,
783 3356 921 3398 com
970 3335 1091 3399 ulit
1131 3335 1284 3397 inde
1325 3336 1394 3397 in
1433 3336 1660 3431 urbem
1689 3336 1742 3397 F
1747 3334 1986 3409 idemus,
2034 3334 2166 3397 val-

78 3418 274 3503 loque
317 3415 761 3481 circumdedit.
844 3418 929 3479 Se
1030 3437 1110 3479 ne
1160 3437 1240 3478 ue
1283 3416 1470 3479 scalis
1513 3415 1657 3497 capi
1715 3427 1970 3498 poterat
2008 3414 2166 3483 urbs

80 3499 203 3559 alta
242 3510 317 3560 et
352 3498 635 3577 munita3
696 3516 911 3581 neque
958 3496 1035 3560 in
1092 3520 1131 3559 o
1180 3496 1440 3561 sidione
1471 3496 1572 3560 vis
1614 3498 1744 3557 ulla
1784 3510 1952 3569 erat,
2016 3496 2170 3579 quia

80 3578 475 3643 frumentum
514 3600 648 3641 non
698 3576 1069 3641 necessitati
1107 3576 1299 3639 modo
1350 3576 1528 3653 satis,
1581 3576 1702 3640 sed
1741 3576 1966 3657 copiae
2009 3598 2168 3659 quo-

84 3680 241 3742 que,
303 3656 557 3721 abunde
599 3680 679 3721 ex
719 3669 865 3721 ante
904 3670 1217 3723 convecto
1258 3656 1660 3721 subficiebat.
1745 3661 1868 3731 Ita,
1925 3676 2170 3739 expug-

78 3738 275 3801 nandi
316 3740 567 3821 pariter
605 3736 1009 3823 cogendique
1051 3738 1132 3800 ad
1152 3736 1552 3803 deditionem
1589 3758 1707 3821 spe
1735 3738 1984 3810 amissa,
2031 3734 2166 3798 dic-

84 3832 251 3881 tator
288 3820 355 3881 in
398 3820 597 3894 locis,
642 3832 915 3902 propter
1001 3820 1506 3904 ropinquitatem
1543 3819 1714 3881 notis
1736 3861 1754 3891 ,
1817 3818 1896 3879 ab
1939 3836 2164 3877 aversa

84 3914 263 3981 parte
302 3900 487 3965 urbis
526 3903 795 3965 maxime
834 3921 960 3983 neg
986 3914 1159 3975 ecta,
1206 3901 1351 3985 quia
1395 3912 1617 3979 suapte
1659 3912 1880 3959 natm-a
1921 3894 2168 3957 tutissi-

84 4000 188 4043 ma
228 3996 395 4060 erat,
456 4000 655 4067 agere
696 3983 765 4045 in
806 4002 1020 4047 arcem
1061 3981 1430 4047 cuniculum
1470 3978 1772 4044 instituit.
1843 3976 2026 4065 ipse,
2071 3972 2170 4035 ‹li-s
