2534 4309
513 95 1008 166 ‘Lista
1105 97 1553 168 Lei».
1664 115 1773 184 ²9·
2098 103 2231 192 ⁴71

125 285 384 354 sistere
427 283 660 366 fugam,
705 305 780 348 ac
817 305 1048 348 novam
1092 287 1175 348 de
1220 288 1478 370 integro
1508 281 1676 352 velle
1702 287 2059 348 instaurare
2080 305 2242 370 pug-

122 386 308 425 nam.
394 365 586 440 Galli,
631 379 700 427 et
733 367 1008 429 maxime
1051 367 1283 450 globus
1326 371 1743 432 circumstans
1776 367 2064 429 consulis
2098 389 2241 430 cor-

124 466 296 528 pus,
367 446 546 508 velut
577 446 854 508 ‘alienata
896 463 1140 522 mente,
1213 465 1376 512 vana
1434 449 1755 510 incassum
1813 445 2051 527 jactare
2094 448 2240 512 tela.

125 539 410 608 torpere
452 524 742 608 quidam,
814 541 880 588 et
917 547 1080 590 nec·
1129 549 1335 611 ugnae
1376 529 1784 600 meminisse,
1868 547 1989 590 nec
2029 527 2241 611 fugae.

125 607 226 668 At
271 629 352 667 em
394 621 578 688 parte
632 607 830 668 altera
880 605 1061 689 pont'
1097 630 1173 668 ex
1215 610 1470 683 Livius,
1537 609 1643 670 cui
1670 609 1961 688 „lictores
1998 609 2244 670 Decius

128 685 528 759 tradiderat,
595 685 999 772 iusseratque
1037 710 1175 774 pro·
1201 704 1506 772 praetore
1532 689 1595 769 ⁴⁸)
1640 707 1785 751 esse
1810 733 1827 762 ,
1869 688 2243 766 vociferari,

133 767 201 828 V
197 768 366 829 icisse
403 769 726 838 Romanoa,
791 773 1098 847 defunctos
1138 771 1393 832 consulis
1412 773 1573 848 jhm.
1657 768 1856 830 Gallos
1919 769 2247 829 Samnites-'-

129 869 250 926 que
295 849 550 912 Telluris.
585 849 788 908 matris
825 869 900 909 ae
939 849 1207 910 Deorum
1247 851 1527 911 Manium
1567 871 1693 910 asse.
1777 853 2004 928 Rapere
2059 851 2143 908 ad
2182 851 2244 910 δι’

127 950 212 988 ae
249 949 454 990 vocare
467 927 717 988 Decium
757 931 1028 991 devotam
1067 949 1260 990 seeum
1300 931 1517 1007 aciem3
1539 931 1965 1010 furiarumque
2002 949 2074 1002 ae
2093 932 2247 1008 sor-'-

135 1009 390 1068 midinis
423 1011 598 1087 plerui
637 1009 836 1069 omnia
889 1013 974 1070 ad
1025 1013 1210 1071 hostes
1241 1029 1397 1076 esse.
1482 1010 1961 1093 Superveniunt
2004 1007 2245 1070 deinde
2314 1007 2319 1013 ’

127 1088 242 1151 his
285 1087 776 1152 restituentibus
818 1111 1098 1173 pugnam
1141 1092 1572 1154 I,.Cornelius
1611 1091 1835 1174 Scipio
1880 1105 1945 1151 et
1986 1094 2243 1164 C.Mar·

135 1172 306 1244 cius,
355 1191 498 1232 cum
523 1169 832 1232 subsidiis
864 1193 944 1232 ex
985 1173 1335 1234 novissima
1378 1173 1517 1236 acie
1558 1171 1735 1252 jussu
1830 1171 2048 1233 ‚Fabii
2091 1191 2264 1233 con--

131 1251 304 1312 aulis
325 1251 406 1311 ad
427 1249 817 1332 praesidium
827 1251 1112 1336 collegae
1135 1252 1344 1314 missi.
1370 1253 1466 1314 ibi
1479 1252 1733 1314 auditur
1808 1298 1823 1312 .
1846 1252 2032 1313 Decii
2048 1273 2243 1323 even-

133 1344 268 1403 tus,
293 1331 525 1413 ingens
559 1329 894 1394 hortamen
923 1333 1004 1394 ad
1022 1335 1232 1395 omnia
1257 1355 1379 1415 pro
1406 1333 1741 1417 republica
1766 1332 2077 1395 audenda.
2119 1336 2242 1396 lta-

183 1433 268 1473 ue
287 1433 486 1494 quum
501 1411 674 1472 Galli
695 1415 958 1478 structis
994 1428 1140 1475 ante
1164 1435 1234 1476 se
1259 1413 1459 1478 scutis
1499 1413 1778 1477 conferti
1817 1427 2079 1487 starent,
2124 1414 2249 1475 n'ec

169 1493 353 1554 acilis
387 1491 554 1574 pede
588 1495 846 1557 conlato
863 1494 1196 1556 videretur
1215 1515 1467 1580 pugna3
1506 1493 1687 1576 jussu
1718 1494 2071 1590 legatorum
2091 1514 2247 1555 con-

133 1575 306 1635 lecta
349 1572 528 1634 humi
569 1573 738 1655 pila,
793 1596 988 1658 „quae
1037 1589 1231 1638 strata
1292 1575 1469 1638 inter
1520 1574 1673 1637 duas
1718 1595 1891 1637 acies
1932 1571 2245 1653 jacebant,

138 1669 336 1738 atque
377 1655 448 1715 in
491 1653 879 1718 testudinem
903 1655 1196 1720 ‘hostium
1237 1655 1546 1738 conjecta.
1630 1655 1861 1740 quibus
1913 1653 2247 1736 plerisque

141 1734 214 1795 in
256 1750 455 1806 scuta,
501 1735 856 1796 verutis·in
899 1756 1170 1820 corpora
1215 1739 1351 1820 ipsa
1392 1736 1575 1812 fixis,
1620 1737 1931 1806 sternitur
1971 1755 2251 1813 cuneus5

143 1817 234 1876 ita
275 1831 352 1893 ut⁴
385 1837 610 1896 magna
649 1837 800 1897 pars
843 1817 1116 1900 integris
1174 1819 1559 1900 corporibus
1617 1816 1887 1880 adtoniti
1940 1817 2244 1878 concide-

141 1905 313 1958 ren't.
378 1895 564 2036 113οαί
591 1896 658 1955 in
701 1896 970 1959 sinistro
1014 1918 1215 1959 cornu
1257 1903 1688 1963 Romanorum
1728 1897 1989 1960 fortuna
2031 1897 2243 1958 varia·
2304 1921 2309 1934 ³

141 1992 346 2043 verat.
432 1979 520 2052 Fa
571 1976 666 2037 ius
712 1976 782 2036 iu
823 1979 1050 2042 dextro
1079 1978 1179 2056 **)
1221 1979 1436 2059 primo
1504 1976 1601 2056 (ut
1641 1991 1789 2040 ante
1834 1977 2070 2039 didtum
2114 1977 2243 2056 est)

141 2058 502 2120 cunctando
546 2070 906 2120 extraxerat
947 2060 1158 2120 diem:
1221 2059 1501 2132 deinde,
1563 2053 1898 2154 Postquam
1952 2077 2077 2120 nec
2116 2052 2245 2120 cla-

139 2159 284 2200 mor
322 2137 629 2212 hostium,
675 2157 798 2198 nec
841 2141 1118 2220 inpetus,
1177 2159 1299 2200 nee
1338 2139 1469 2200 tela
1510 2161 1727 2210 missa,
1786 2138 2073 2200 eamdem
2115 2138 2250 2200 vim

139 2219 384 2280 babere
439 2220 607 2293 visa3
679 2219 1029 2299 praefectis
1084 2220 1373 2304 equitum
1422 2218 1616 2300 jussis
1670 2217 1751 2281 ad
1794 2220 1953 2280 latus
1998 2219 2245 2280 Samni-

141 2299 300 2361 tium
363 2297 845 2360 circumducere
879 2339 890 2358 -.
913 2301 1041 2360 alas
1065 2343 1081 2375 ,
1155 2315 1226 2362 ut
1286 2299 1474 2386 signo
1512 2301 1664 2361 'dato
1708 2299 1773 2360 in
1820 2305 2247 2374 transversos,-

69 2397 74 2402 “
141 2393 383 2464 quanto
425 2379 698 2440 maximo
743 2395 1008 2461 possent
1047 2381 1294 2463 inpetu,
1340 2381 1777 2456 incurrerent3
1822 2380 2065 2444 sensim
2096 2396 2247 2441 suos

143 2463 330 2544 signa
372 2461 620 2520 inferre
667 2460 881 2537 ussit,
969 2474 1030 2524 et
1075 2481 1481 2525 commovere
1540 2461 1814 2522 hostem.
1894 2463 2245 2542 Postquam

141 2533 274 2603 non
317 2541 538 2601 resisti
577 2539 644 2602 vi
691 2540 760 2614 it,
803 2555 869 2604 et
908 2541 1077 2602 haud
1121 2542 1375 2604 dubiam
1395 2540 1833 2603 lassitudinem
1862 2560 2043 2618 esse3
2088 2556 2243 2615 tum,
2310 2574 2315 2582 ·

141 2621 460 2686 conlectis
505 2620 801 2683 omnibus
844 2621 1176 2696 subsidiis,
1223 2643 1383 2707 quae
1425 2621 1507 2682 ad
1548 2621 1619 2695 id
1658 2636 1907 2702 tempus
1952 2641 2244 2682 reserva-

137 2714 346 2772 verat,
432 2715 498 2763 et
536 2702 600 2762 le
647 2701 830 2763 iones
875 2703 1238 2776 concitavit,
1324 2719 1389 2765 et
1427 2703 1677 2786 signum
1722 2703 1801 2762 ad
1846 2699 2266 2764 invadendos.

137 2781 364 2845 hostes
409 2783 612 2863 equiti
657 2803 732 2843 us
774 2781 972 2844 dedit.
1055 2787 1190 2844 Nec
1231 2782 1679 2846 sustinuerunt
1698 2783 2013 2845 Samnites
2058 2782 2244 2863 inpe-

137 2877 305 2938 tum3
385 2877 771 2942 praeterque
813 2863 1016 2924 aciem
1059 2863 1265 2944 ipsam
1309 2865 1639 2924 Gallorum
1657 2863 1681 2936 ,‘
1738 2863 1989 2925 relictis
2034 2861 2105 2923 iu
2146 2862 2244 2924 di-

139 2943 484 3006 micatione
525 2943 745 3017 sociis,
787 2943 868 3004 ad
911 2958 1117 3004 castra
1149 2942 1359 3006 effuso
1387 2965 1579 3006 cursu
1600 2941 2000 3009 ferebantur.
2046 2944 2243 3016 Ga-lli,

139 3021 464 3088 testudine
505 3022 712 3097 facta,
797 3025 1077 3086 conferti
1118 3025 1387 3086 stabant.
1442 3075 1446 3080 .
1486 3029 1653 3086 Tum
1694 3023 1969 3098 Fabius,
2027 3023 2243 3084 audita

137 3117 346 3167 morte
386 3102 699 3185 collegae,
743 3103 892 3165 Ca‘m
945 3113 1210 3166 anorum
1252 3105 1437 3178 alam,
1484 3104 1869 3188 quingentos
1893 3105 2035 3165 sere
2058 3103 2244 3201 equi-

139 3198 260 3260 tes,
306 3182 626 3247 excedere
669 3183 808 3244 acie
847 3184 914 3261 iu
963 3198 1046 3257 et,
1095 3199 1160 3246 et
1201 3185 1666 3248 circumvectos
1722 3185 1802 3246 ab
1858 3200 2042 3267 tergo
2088 3184 2239 3246 (Jal-

135 3266 320 3327 lieam
361 3262 670 3326 invadere
712 3264 948 3328 aciem:
1013 3266 1244 3327 tertiae
1306 3264 1545 3326 deinde
1605 3266 1885 3348 legionis
1931 3264 2243 3360 subsequi

137 3345 494 3429 principes,
543 3358 628 3417 et,
673 3365 796 3426 qua
838 3345 1155 3408 turbatum
1195 3365 1426 3429 agmen
1466 3345 1744 3407 hostium
1796 3343 2097 3408 viderent
2140 3367 2242 3406 in-

140 3439 290 3508 petu
335 3425 641 3522 equitum,
685 3429 932 3488 instare
987 3448 1061 3490 ae
1121 3427 1387 3487 territos
1450 3426 1745 3490 caedere.
1829 3431 1974 3508 lpse
2016 3423 2241 3486 aedem

137 3508 279 3570 Jovi
323 3506 582 3572 Victori
623 3507 960 3593 spoliaque
999 3505 1283 3569 hostium
1326 3527 1518 3590 quum
1562 3505 1872 3585 vovisset,
1916 3504 1997 3565 ad
2038 3519 2258 3568 castra—

139 3587 514 3668 Sam-nitium
619 3588 892 3664 errexit3
956 3591 1109 3669 'quo
1163 3586 1507 3652 multitudo
1568 3587 1779 3647 omnis
1828 3599 2243 3648 consternata

137 3669 459 3751 agebatur.
617 3668 699 3730 ub
756 3669 903 3749 ipso
956 3668 1160 3740 vallo,
1252 3669 1401 3750 quia
1463 3679 1698 3729 tantam
1769 3665 2243 3728 multitudinem

140 3761 366 3830 portae
407 3767 540 3809 non
581 3756 920 3831 recepere,
977 3760 1216 3810 tentata
1258 3747 1337 3810 ab
1398 3747 1677 3811 exclusis
1734 3740 1921 3810 turba
1980 3769 2243 3815 suorum

205 3919 262 3986 ¹⁶)
295 3919 371 3978 sie
391 3919 598 3992 Kreyss.
633 3929 1017 3992 propraetorem
1051 3916 1218 3975 Gron.
1238 3917 1394 3992 (ἔην.
1412 3915 1585 3980 Drak,
1618 3917 1705 3987 θ’)
1729 3895 1865 3972 add.
1890 3933 2050 3970 cornu
2065 3913 2238 3971 Gron.
