2534 4309
380 143 514 217 188
724 100 854 215 Li
906 165 944 213 s
995 162 1136 215 aa
1236 147 1350 212 lv»
1451 146 1507 212 C
1561 134 1603 211 l
1655 164 1711 213 r.
1789 149 1928 211 ao.
1985 162 2094 211 ιι.

367 320 613 414 Longe
640 309 977 393 maximnm
1010 330 1320 414 triumphi
1365 332 1797 413 spectaculum
1832 332 1964 393 fuit
1995 333 2255 404 Cossus,
2303 348 2448 411 spo-

371 416 457 477 lia
514 412 723 492 opima
779 412 953 495 regis
1010 412 1342 474 interfecti
1387 422 1643 494 gevens.
1719 412 1788 472 in
1831 432 1974 477 eum
2031 410 2273 471 milites
2317 432 2448 472 car-

366 494 539 555 mina
580 491 938 564 in·condita,
996 506 1340 587 aequantes
1381 515 1527 559 eum
1565 494 1860 563 Romulo,
1907 512 2158 553 canere.
2233 490 2450 572 Spolia

368 576 439 637 in
480 572 637 635 aede
679 572 857 636 Jovis
879 573 1159 661 Feretrii
1204 594 1410 655 prope
1457 572 1712 635 Romuli
1751 573 1974 653 spolia,
2020 592 2204 655 quae,
2297 572 2450 630 rima
2533 629 2534 636 ,

368 643 606 735 Opima
647 652 979 735 adpellata,
1022 654 1159 715 sola
1201 674 1274 721 ea
1309 666 1685 734 tempestate
1725 666 1926 727 erant,
1971 674 2112 715 cum
2153 652 2448 713 solemni

366 732 771 797 dedicatione
816 732 986 795 dono
1021 732 1189 795 fixit.
1230 747 1673 819 averteratque
1717 734 1786 797 in
1829 754 1900 793 se
1941 756 1975 793 a
2017 754 2211 793 curru
2254 730 2448 792 dicta·
2533 749 2534 792 ὴ

366 813 531 879 toris
572 813 805 876 civium
848 836 980 892 ora,
1022 828 1089 875 et
1128 814 1709 893 celebritatisejus
1751 813 1884 874 diei
1927 814 2202 873 fructum
2245 832 2448 950 prose

298 906 307 915 ”
365 894 543 959 solus
606 896 857 955 tulerat.
938 895 1234 957 Dictator
1273 914 1576 960 coronam
1635 916 1888 955 auream
1947 894 2174 955 libram
2234 912 2370 973 pon
2415 913 2450 953 o

358 997 457 1041 ‘ex
497 974 753 1056 publica
790 975 1103 1056 pecunia,
1152 974 1378 1058 populi
1417 973 1632 1052 jussu,
1677 974 1744 1038 in
1789 974 2104 1055 Capitolio
2145 972 2298 1036 Jovi
2341 971 2450 1033 do-

368 1077 523 1120 num
564 1056 802 1137 posuit.
889 1055 1133 1118 Omnes
1173 1068 1322 1118 ante
1363 1076 1464 1116 me
1507 1069 1802 1120 auctores
1845 1068 2118 1126 semitas,
2165 1056 2244 1115 A.
2293 1056 2449 1115 Cor-

272 1194 275 1201 .
372 1136 624 1198 nelium
657 1139 925 1197 Cossum
964 1136 1292 1197 tribunum
1333 1136 1610 1201 militum
1649 1136 1927 1197 secunda
1989 1134 2199 1215 spolia
2243 1134 2451 1215 opima

368 1216 551 1283 Jovis
594 1216 874 1281 Feretrii
916 1216 1157 1297 templo
1201 1216 1518 1290 intulisse,
1563 1216 1854 1302 exposui.
1901 1216 2222 1287 Ceterum,
2267 1234 2452 1297 prae-

368 1312 665 1393 terquam
708 1294 878 1381 quod
922 1318 995 1362 ea
1036 1296 1163 1356 rito
1207 1298 1418 1377 opima
1461 1297 1666 1376 spolia
1707 1296 2054 1371 habentur,
2118 1316 2288 1379 quae
2331 1292 2451 1353 dux

372 1376 519 1440 ducl
562 1378 875 1454 detraxit3
934 1397 1057 1439 nec
1098 1375 1329 1438 ducem
1367 1378 1700 1449 novimus,
1759 1377 1888 1437 nisi
1943 1375 2118 1453 cuius
2161 1374 2451 1457 auspicio

367 1458 611 1523 bellum
652 1459 901 1540 geritur
914 1478 934 1534 3
978 1458 1197 1523 titulus
1240 1457 1404 1539 ipse,
1449 1458 1676 1539 spoliis
1719 1458 2088 1537 inscriptae,
2129 1456 2282 1517 illos
2323 1476 2451 1517 me-

462 1560 497 1600 e
538 1538 777 1621 arguit,
820 1538 1153 1599 consulem
1195 1556 1269 1598 ea
1299 1539 1568 1599 Cossum
1608 1538 1884 1619 cepisse.
1927 1540 2070 1599 Hoc
2091 1557 2214 1619 ego
2257 1557 2453 1619 quum

370 1560 729 1700 ffigustum
761 1610 1122 1695 Caesarem,
1168 1617 1554 1701 templorum
1581 1619 1864 1681 omnium
1907 1616 2312 1679 conditorem
2353 1628 2456 1677 aut

352 1699 830 1772 aest.itutorem‚
875 1696 1235 1783 ingressum
1279 1696 1504 1761 aedem
1545 1698 1827 1763 Feretrii
1869 1698 2072 1770 Jmis,
2117 1718 2304 1780 quam
2351 1720 2454 1759 ve·

366 1792 603 1840 tustate
638 1780 947 1860 dilapsam
970 1778 1227 1854 refecit,
1273 1799 1343 1843 se
1375 1778 1585 1861 ipsum
1617 1777 1684 1840 in
1715 1778 1974 1843 thorace
2004 1778 2208 1839 linteo
2247 1778 2452 1857 scrip-

356 1872 504 1922 -tum
570 1860 815 1941 legisse
874 1858 1237 1937 audissem3
1320 1879 1526 1942 prope
1595 1859 2006 1941 sacrilegium
2062 1873 2233 1919 ratus
2295 1880 2452 1930 sum,

370 1942 577 2003 Cosso
638 1940 993 2021 spoliorum
1046 1960 1308 2029 sumym
1350 1942 1736 2010 Caesarem,
1789 1939 1996 2019 ipsius
2039 1936 2262 2019 templi
2307 1960 2456 1999 auc-

361 2034 593 2093 torem,
636 2019 1015 2083 subtrahere
1044 2033 1292 2087 testem.
1337 2021 1540 2102 quisi
1573 2042 1646 2081 ea
1689 2020 1758 2086 in
1798 2040 1872 2082 re
1913 2019 1998 2079 sit
2027 2040 2234 2091 error,
2281 2017 2456 2103 quod

360 2114 491 2163 tam
532 2114 788 2164 veteres
839 2101 1134 2173 annales,
1198 2102 1494 2185 quodque
1539 2100 2016 2183 magistratuum
2055 2098 2248 2172 libri,
2295 2122 2456 2183 quos

357 2182 599 2245 linteos
658 2180 729 2240 in
784 2179 943 2243 aede
986 2180 1312 2263 repositos
1353 2188 1651 2245 Monetae
1694 2186 1913 2242 Macer
1953 2180 2246 2243 Licinius
2305 2180 2460 2241 citat

365 2260 741 2327 idemtidem
796 2242 1131 2335 auctores,
1210 2282 1386 2324 nono
1439 2276 1589 2347 post
1650 2262 1902 2331 demum
1957 2280 2120 2323 anno
2185 2282 2332 2321 cum
2378 2265 2456 2321 T.

364 2340 677 2429 Quinctio
700 2346 927 2404 Penno
966 2342 1043 2405 A.
1074 2343 1448 2407 Cornelium
1478 2346 1744 2407 Cossum
1785 2342 2110 2405 consulem
2147 2340 2457 2417 habeant,

362 2422 757 2487 existimatio
800 2422 1149 2485 communis
1192 2424 1488 2487 omnibus
1531 2436 1652 2485 est.
1727 2442 1872 2485 nam
1915 2422 2102 2483 etiam
2147 2422 2310 2481 illud
2349 2442 2458 2485 ac-

348 2501 560 2577 ·cedit,
600 2523 684 2563 ne
720 2516 850 2563 tam
890 2502 1057 2563 clara
1098 2522 1311 2584 pugna
1347 2504 1414 2565 in
1458 2521 1602 2567 eum
1642 2524 1878 2563 annum
1919 2501 2257 2565 transferri
2298 2522 2458 2583 pos-

364 2595 504 2656 set,
551 2577 724 2666 quod
762 2582 1009 2647 inbelle
1048 2584 1398 2647 triennium
1439 2583 1644 2650 ferme
1685 2582 2054 2669 pestilentia
2097 2581 2458 2665 inopiaque

361 2662 621 2749 frugum
664 2663 852 2727 circa·
874 2664 951 2725 A.
998 2663 1369 2729 Cornelium
1411 2664 1740 2727 consulem
1782 2662 1946 2725 suit:
1989 2662 2152 2758 adeo
2195 2678 2264 2725 ut
2307 2663 2456 2745 qui-

366 2742 507 2805 dam
552 2745 831 2817 annales,
876 2744 1053 2808 velut
1090 2743 1366 2819 funesti,
1413 2744 1578 2810 nihil
1619 2757 1877 2824 praeter
1917 2764 2174 2805 nomina
2215 2763 2458 2807 consu..

362 2824 497 2889 lum
541 2823 909 2907 subgerant.
970 2824 1229 2888 Tertius
1271 2824 1351 2884 ab
1391 2824 1725 2889 consulatu
1765 2824 1952 2887 Cossi
1990 2844 2192 2886 annus
2231 2823 2454 2889 tribu-

359 2923 515 2971 uum
554 2924 699 2966 eum
722 2902 995 2966 militum
1026 2903 1346 2989 consulari
1387 2918 1702 2985 potestate
1734 2903 1963 2979 habet3
2007 2902 2238 2965 eodem
2280 2926 2456 2967 anno

360 2990 461 3047 'tna
508 2984 736 3046 istrum
789 2984 1111 3068 equitumz
1174 3006 1307 3070 quo
1358 2985 1426 3051 in
1482 2984 1758 3065 imperio
1817 2984 2080 3051 alteram
2121 2984 2453 3067 insignem

362 3004 569 3127 ediilit
607 3084 887 3147 pugnam
926 3077 1316 3153 equestrem.
1365 3086 1440 3129 ea
1479 3065 1682 3129 libera
1723 3064 2088 3145 conjectura
2131 3078 2251 3133 est,
2313 3064 2453 3129 Sed

301 3196 319 3215 ,.
364 3142 467 3222 (ut
507 3166 629 3228 ego
672 3145 983 3223 arbitror)
1040 3166 1200 3209 vana
1240 3166 1502 3209 versare
1565 3145 1636 3210 in
1695 3165 1920 3211 omnes
1975 3144 2322 3225 opiniones
2365 3145 2454 3208 li-

361 3238 504 3287 cet:
574 3246 767 3309 quum
805 3222 1039 3289 'auctor
1087 3244 1372 3311 pugnae,
1433 3226 1805 3291 recentibus
1867 3226 2098 3306 spoliis
2152 3226 2219 3286 in
2263 3246 2454 3292 sacra

358 3304 518 3381 sede
557 3305 813 3389 positis,
856 3306 1081 3371 Jovem
1110 3326 1320 3387 prope
1362 3306 1590 3387 ipsum,
1635 3306 1739 3367 cui
1781 3320 1926 3369 vota
1957 3319 2160 3380 erant,
2201 3308 2452 3368 Romu-

356 3384 621 3466 lumque
664 3386 943 3460 intuens,
986 3382 1155 3447 haud
1184 3386 1584 3466 spernendos
1625 3386 1773 3447 falsi
1805 3386 1977 3449 titul-i
2018 3400 2238 3459 testes,
2281 3406 2359 3453 ae
2383 3388 2450 3466 ¹¹³)

355 3465 436 3531 A.
478 3466 855 3547 Cornelium
894 3468 1163 3531 Cossum
1206 3468 1550 3529 Consulem
1591 3468 1952 3547 scripserit.

396 3553 470 3621 U,
508 3578 557 3619 c..
596 3562 653 3616 31
700 3600 717 3619 ,
979 3548 1152 3611 XXI.
1237 3552 1326 3613 M.
1359 3546 1662 3609 Cornelio
1688 3547 2157 3631 Maluginense,
2187 3550 2280 3613 ᾧ.
2311 3550 2445 3610 Pa-

396 3648 449 3688 a.
487 3629 553 3686 C.
594 3578 716 3691 [0330
823 3626 995 3708 pirio
1038 3630 1270 3690 Crasso
1311 3627 1703 3701 consulibus,
1750 3628 2068 3691 exercitus
2109 3628 2176 3688 in
2219 3649 2448 3709 agrum

354 3705 697 3785 Veientem
740 3724 813 3769 ac
850 3704 1173 3773 Faliscum
1211 3706 1418 3775 ducti:
1478 3706 1757 3789 praedae
1799 3709 2060 3774 abactae
2110 3709 2456 3773 hominum

338 3806 829 3873 penei-umqum
888 3786 1099 3855 hostis
1152 3788 1223 3850 in
1264 3789 1438 3873 agris
1479 3810 1792 3876 nusquam
1831 3789 2129 3855 inventus
2148 3832 2168 3866 ,
2227 3810 2454 3876 nequo

420 3954 480 4021 *9
511 3970 616 4009 saus
648 3952 823 4016 Gran.
862 3955 1013 4012 (ἕνον.
