2534 4309
1731 1 1862 13 ,Ἰν-Ἦν·
1883 1 1908 20 ’,-

475 185 1836 282 LissnX0C31²04mlff50
2060 181 2201 266 485

111 375 612 460 propinquabat,
657 375 987 459 quievere.
1047 389 1238 439 nocte
1282 374 1591 518 oppidum
1631 374 1711 437 ab
1750 375 2047 439 hostibus
2089 375 2213 438 de·-

109 471 354 522 sertum
413 471 533 518 est.
615 458 816 520 Caesa
875 457 988 521 illo
1054 456 1162 520 die
1224 455 1309 517 sd
1420 455 1771 538 quiloniam
1826 456 2203 520 Samnitium

107 537 310 600 millia
353 537 616 620 triginta
655 537 932 602 trecenti
965 536 1422 621 quadragintaz
1468 549 1649 618 capta
1684 537 1811 598 tria
1849 537 2051 598 millia
2094 559 2204 600 oc·

107 618 388 696 tingenti
432 633 497 681 et
520 617 955 700 septuagintaz
1001 617 1182 700 signa
1208 617 1507 680 militaria
1544 617 1887 698 nonaginta
1930 632 2203 698 septem.

108 701 414 762 Ceterum
466 696 626 760 illud
665 698 1018 793 memoriae
1055 695 1363 774 traditur,
1424 718 1559 760 non
1600 696 1806 761 ferme
1849 696 2045 759 alium
2086 696 2204 758 du-

105 798 250 841 cem
291 778 632 846 laetiorem
686 799 756 840 in
795 777 935 841 scie
988 776 1228 849 visum,
1289 797 1407 840 seu
1446 790 1681 859 suopte
1720 776 1986 860 ingenio
2006 819 2025 852 ,
2086 796 2206 840 seu

102 857 342 926 fiducia
384 859 554 924 bene
597 853 926 940 gerundae
967 857 1086 920 rei.
1149 857 1248 920 Ab
1292 851 1523 922 eodem
1562 857 1802 920 robore
1846 855 2044 918 animi
2085 876 2205 926 ne,-

105 961 236 1022 que
279 953 700 1010 controverso
757 938 1046 1021 auspicio
1101 939 1397 1002 revocari
1448 961 1484 1000 a
1524 938 1783 1022 proelio
1871 937 2034 1000 otuit
2058 979 2074 1010 ,
2136 950 2204 997 et

103 1021 180 1085 in
226 1020 378 1102 ipso
417 1013 817 1093 discrimine,
861 1040 992 1104 quo
1018 1017 1256 1100 templs
1297 1018 1445 1079 Diis
1488 1017 1813 1082 inmortali
1860 1041 1936 1081 us
1978 1015 2205 1092 voveri

99 1119 248 1162 mos
291 1112 486 1174 erat„
505 1113 769 1164 voverat
805 1099 956 1165 Jovi
999 1099 1290 1173 Victori,
1344 1099 1402 1160 si
1443 1099 1741 1182 legiones
1780 1097 2062 1161 hostium
2101 1095 2205 1157 fu-

16 1251 19 1262 ,
102 1179 336 1254 disset,
381 1181 688 1261 pocillum
713 1179 903 1244 mulsi
932 1179 1138 1274 prius,
1229 1181 1372 1239 uam
1406 1192 1708 1242 temetum
1736 1179 2015 1252 biberet,
2058 1197 2205 1242 sese

101 1260 448 1326 facturum.
509 1259 580 1321 id
619 1274 837 1324 votum
875 1260 1024 1323 Diis
1075 1199 1260 1324 cor'di
1302 1258 1466 1324 suite
1525 1273 1593 1323 et
1646 1258 1933 1344 auspicia
1972 1259 2043 1320 in
2086 1257 2203 1318 bo·

103 1361 264 1404 num
303 1352 658 1404 verterunt.
1874 1371 1879 1381 ·

269 1421 500 1482 XLIII.
577 1417 824 1484 Eadem
873 1417 1134 1484 fortuna
1185 1419 1266 1482 ab
1309 1419 1518 1484 altero
1556 1418 1823 1482 consule
1866 1416 1948 1478 ad
1988 1414 2205 1480 Comi-

103 1500 294 1566 nium
331 1511 513 1594 gesta
551 1519 682 1562 res.
765 1499 980 1562 Prima
1022 1500 1190 1574 luce,
1232 1500 1325 1580 ad⁶
1354 1499 1606 1562 moenia
1649 1498 1947 1561 omnibus
1973 1496 2205 1577 ,copiis
2304 1545 2342 1571 ,-

103 1581 423 1654 admotis,
483 1597 722 1648 corona
781 1578 986 1642 cinxit
1033 1580 1264 1644 urbem
1287 1623 1303 1654 ‚
1370 1577 1787 1676 subsidiaque
1838 1575 2020 1638 firma
2040 1620 2057 1652 ,
2094 1583 2205 1639 ‘ne

106 1681 238 1744 qua
281 1657 540 1740 eruptio
581 1655 797 1732 fi'eret,
831 1660 1040 1741 portis
1083 1660 1413 1741 obposuit.
1474 1663 1615 1726 Jam
1656 1679 1909 1740 signum
1951 1657 2209 1719 dantem

105 1761 260 1803 eum
304 1737 572 1802 nuntius.
604 1760 638 1798 a
667 1737 914 1822 collega
955 1739 1252 1820 trepidus
1295 1738 1375 1802 de
1416 1739 1651 1821 viginti
1692 1736 2053 1805 cohortium
2093 1735 2205 1798 ad-

101 1833 310 1886 ventu
349 1833 416 1884 et
455 1818 533 1882 ab
574 1817 804 1902 inpetu
843 1833 1124 1882 moratus
1169 1831 1290 1896 est,
1335 1833 1401 1882 et
1428 1831 1679 1901 purtem
1720 1840 1797 1881 co
1852 1818 2051 1878 iarum
2098 1837 2239 1878 re-·

105 1919 345 1964 vocare
397 1897 778 1962 instructam
817 1897 1256 1981 intentamq'ue
1304 1899 1388 1960 ad
1426 1899 1771 1992 obpugnan
1820 1919 1927 1957 um
1966 1901 2085 1958 cot'i
2133 1897 2205 1959 it.

103 1983 196 2042 D.
238 1983 508 2041 Brutum
549 1979 850 2040 Scaevam
899 1980 1176 2058 legatum
1217 1999 1361 2040 cum
1418 1979 1679 2060 legione
1719 1979 1927 2064 prima
1984 1991 2049 2039 et
2135 1999 2205 2040 e-

105 2081 254 2123 cem
292 2057 362 2132 ¹³)
421 2058 796 2122 cohortibus
859 2059 1076 2123 alariis
1100 2047 1206 2135 ss)
1267 2058 1682 2142 equitatuque
1738 2059 1845 2134 ,ire
1898 2055 2206 2123 adversus

105 2137 472 2204 subsidium
509 2137 791 2200 hostium
832 2139 1059 2218 inseite
1103 2157 1508 2222 quocumque
1550 2137 1615 2200 in
1650 2138 1794 2202 loco
1824 2137 2057 2200 fuisset
2087 2138 2203 2201 ob-

103 2221 298 2293 vius,
350 2217 704 2282 obsisteret
741 2236 814 2280 sc
853 2233 1252 2294 moraretur3
1319 2237 1699 2301 manumque
1720 2261 1737 2290 ,
1800 2218 1861 2280 s'i
1903 2218 2073 2280 forte
2118 2218 2205 2281 ita

101 2321 218 2362 res
259 2311 586 2380 posceret,
631 2297 1006 2375 conferret:
1047 2297 1240 2360 modo
1283 2319 1367 2360 ne
1410 2298 1489 2360 ad
1532 2297 1893 2360 Cominium
1934 2317 2049 2358 eae
2092 2317 2205 2359 co·

65 2433 80 2450 ,
100 2379 254 2462 piae
299 2377 634 2452 admoveri
685 2393 978 2474 possent.
1061 2382 1208 2461 Ipse
1265 2379 1467 2443 scalas
1519 2377 1684 2441 ferri
1743 2377 1824 2440 ad
1863 2397 2081 2438 muros
2123 2376 2205 2438 ab

101 2457 286 2524 omni
329 2471 516 2540 parte
557 2459 740 2520 urbis
779 2457 1001 2538 jussit,
1067 2481 1142 2521 ac
1178 2457 1505 2522 testudine
1547 2455 1630 2519 ad
1678 2470 1901 2540 portas
1941 2477 2204 2521 sueces-

101 2541 211 2604 sit.
283 2538 474 2603 simul
532 2551 599 2600 et
647 2538 1176 2636 refringebantur
1218 2550 1479 2622 portae,
1543 2551 1611 2602 et
1640 2534 1765 2602 ‘vis
1806 2535 2094 2622 undique
2132 2536 2205 2596 in

103 2637 332 2684 muros
365 2616 590 2680 'fiebat-
673 2620 1018 2693 Samnites,
1059 2619 1246 2693 sicut,
1288 2631 1629 2702 antequam
1668 2618 1739 2679 in
1779 2618 1979 2680 muris
2021 2615 2204 2682 vide-

97 2714 256 2762 rent
295 2711 572 2762 armatos
593 2741 610 2772 ,
657 2699 811 2764 satis
853 2699 1051 2762 animi
1090 2698 1456 2762 habuerunt
1494 2697 1575 2762 ad
1613 2694 2053 2780 prohibendos
2093 2717 2204 2758 ur-

99 2779 206 2844 his
251 2777 434 2841 aditu
487 2777 750 2857 bostes3
811 2779 934 2852 ita,
981 2793 1333 2876 postquam
1373 2778 1501 2862 jam
1552 2798 1685 2842 non
1740 2799 1819 2840 ex
1860 2777 2206 2841 intervallo
2276 2785 2279 2788 ’

97 2881 228 2922 nec
265 2856 640 2932 missilibus,
686 2858 802 2922 sed
833 2879 1122 2925 commus
1147 2858 1495 2942 gerebatur
1534 2877 1685 2938 res3
1728 2869 1817 2933 et,
1860 2857 1973 2942 qui
2009 2878 2207 2941 aegre

101 2951 559 3020 successerant
611 2959 692 3004 ex
777 2938 927 3004 lano
968 2939 1037 3002 in
1077 2959 1295 3001 muros
1316 2983 1335 3014 ,
1395 2939 1543 3004 loco
1559 2981 1579 3014 ‚
1644 2959 1835 3022 quem
1874 2937 2078 3020 magis
2124 2937 2203 2998 t'i-

99 3018 420 3092 muerant,
466 3017 655 3093 victo,
729 3019 890 3084 acile
933 3019 1004 3082 in
1041 3018 1299 3083 hostem
1336 3019 1633 3101 inparem
1674 3039 1754 3081 ex
1793 3039 1999 3101 aequo
2040 3037 2205 3100 pug-

97 3099 372 3177 nabant3
415 3098 665 3161 relictis
705 3099 995 3163 turribus
1025 3100 1381 3186 murisque,
1424 3099 1497 3162 in
1523 3098 1741 3162 forum
1780 3118 2001 3162 omnes
2032 3117 2209 3160 com-

97 3179 312 3321 pulsi,
395 3177 758 3274 paullisper
829 3180 984 3245 inde
1057 3192 1473 3243 tentaverunt
1532 3192 2208 3300 extremsmupugnse

131 3272 454 3320 ortanam.
534 3260 822 3335 Demde,
865 3259 1138 3338 abiectis
1177 3259 1397 3333 armis,
1442 3257 1525 3322 ad
1563 3257 1866 3322 undecim
1993 3256 2022 3335 )
2062 3258 2207 3319 mil·

98 3340 192 3403 lis
231 3338 567 3402 hominum
608 3353 677 3403 et
715 3339 1170 3425 quadringenti
1211 3339 1281 3400 in
1310 3337 1507 3403 fidem
1546 3339 1837 3402 consulis
1864 3350 2208 3402 venerunt.

99 3439 288 3482 caesa
329 3418 413 3481 nd
451 3433 728 3502 quatuor
763 3422 969 3484 millis
1025 3419 1385 3502 octingenti
1424 3420 1605 3498 W)
1664 3419 2017 3502 octoginta.
2099 3418 2211 3483 Sic
2256 3479 2275 3496 ,

101 3498 184 3560 ad
224 3499 610 3572 Cominium,
653 3500 750 3564 sic
787 3500 870 3564 ad
909 3503 1321 3588 Aquiloniam
1363 3511 1541 3584 gesta
1582 3520 1714 3566 res.
1794 3499 1953 3562 Inde
1990 3497 2210 3562 medio

97 3579 278 3640 inter
315 3579 474 3642 duas
497 3580 697 3644 urbes
739 3582 973 3679 spatio,
1013 3583 1128 3646 ubi
1168 3579 1359 3646 tertis
1400 3593 1765 3661 exspectata
1808 3592 1951 3641 erat
1970 3600 2014 3662 p
2188 3621 2206 3652 ,

97 3658 320 3723 hostes
366 3682 504 3724 non
545 3659 820 3727 inventi.
864 3676 1118 3745 septem
1173 3660 1375 3723 millia
1426 3679 1734 3741 passuum
1772 3681 1967 3743 quum
2019 3681 2054 3721 a
2102 3679 2209 3720 es·
2266 3709 2273 3716 .

99 3755 266 3802 sent·
290 3763 326 3803 a
369 3741 695 3816 Cominio,
779 3743 1066 3814 resecati
1106 3741 1184 3808 ab
1225 3740 1365 3806 suis
1404 3739 1623 3805 neutri
1664 3739 1925 3824 proelio
1969 3740 2231 3804 obcur·.

165 3909 224 3973 ⁸¹)
261 3911 448 3977 vig-'nu'
479 3907 652 3968 Grou.
692 3910 848 3968 Crsv.
919 3911 1006 3975 N)
1042 3911 1273 3964 alaribus
1316 3906 1479 3968 es'ed„
1534 3909 1657 3977 '‘0)
1701 3907 1997 3984 quisdam
2056 3904 2213 3968 saed·

267 3977 418 4046 ”¹³7
449 3979 528 4032 sic
561 3977 773 4050 Kreyss.
811 3983 1026 4034 wacon&
1059 3977 1232 4038 Grou.
1273 3979 1423 4032 Crov-
1464 3977 1637 4037 Drak-
