2534 4309
378 130 1336 251 Lnnssnjsscip.
1429 168 2172 259 61.62.65.·107

380 290 447 328 a«

86 362 263 425 torio
304 360 561 445 spiritu.
624 358 915 447 adeoque
958 362 1312 425 constantia
1352 380 1465 421 sus
1520 374 1588 423 es
1625 360 1918 423 tribunos
1959 358 2180 422 obstu-

83 442 337 527 pefecit
376 456 443 504 et
479 442 774 538 plebem,
836 456 909 504 ut
948 442 1121 505 diem
1162 442 1294 525 ipsi
1347 462 1461 503 sua
1511 441 1835 505 voluntate
1875 439 2179 523 prodice-

82 536 273 585 rent:
336 521 501 584 trahi
544 521 781 586 deinde
834 544 974 585 rem
1016 522 1326 589 sinerent.
1407 520 1600 583 Haud
1639 522 1725 583 ita
1779 524 2043 582 multum
2080 522 2182 582 in-

81 604 283 666 terim
324 602 635 686 temporis
676 602 823 666 fuit.
865 616 1012 665 ante
1054 617 1288 677 tamen,
1335 623 1520 686 quam
1557 600 1848 683 prodicta
1891 600 2030 663 dies
2071 624 2183 663 ve-

82 684 301 756 niret,
357 682 583 746 morbo
624 684 919 746 moritur.
1003 681 1197 762 Cujus
1285 704 1434 743 uum
1473 681 1898 743 laudationem
1938 680 2185 743 tribuni

82 764 307 847 plebis
348 763 649 847 inpedire
692 776 1115 837 conarentur,
1174 764 1282 858 ple
1330 783 1360 823 s
1403 761 1684 841 fraudari
1725 761 2026 823 sollemni
2065 763 2182 824 ho-

80 865 247 909 nore
292 864 659 924 supremum
710 843 884 905 diem
936 844 1094 908 tanti
1144 844 1271 906 viri
1328 842 1536 906 noluit
1551 862 1594 922 3·
1637 854 1703 903 et
1753 836 2184 905 laudationem

84 939 212 987 tam
254 924 477 1007 aequis
518 922 781 986 auribus
821 924 1059 987 mortui
1098 922 1370 996 audivit,
1430 944 1616 1007 quam
1654 922 1794 985 vivi·
1829 923 2182 985 accusatio-

92 1024 243 1066 nem
288 1004 618 1083 audierat3
662 1020 727 1066 et
768 1004 1100 1088 exsequias
1140 988 1962 1087 frequens,celebravitaelffv
2023 1080 2026 1084 ἵ

244 1086 441 1147 Lxu.
526 1083 773 1147 Eodem
825 1106 989 1145 anno
1029 1084 1329 1148 Valerius
1384 1084 1642 1155 consul,
1699 1102 1841 1144 cum
1893 1081 2184 1143 exercitu

92 1164 159 1225 in
198 1166 467 1248 Aequos
510 1165 877 1249 profectus,
937 1186 1128 1248 quum
1168 1165 1424 1227 hostem
1463 1163 1544 1225 ad
1583 1163 1903 1247 proelium
1945 1162 2186 1223 elicere
2360 1224 2376 1231 ,

86 1266 217 1305 non
274 1259 533 1327 posset,
611 1258 817 1307 castra
869 1244 1245 1328 obpugnare
1303 1256 1404 1307 est
1460 1243 1746 1307 adortus.
1809 1241 2189 1304 ·Prohibuit
2261 1268 2266 1273 ·

84 1324 279 1387 foeda
322 1338 693 1406 tempestas,
738 1345 877 1387 cum
924 1324 1233 1409 grandine
1256 1344 1330 1389 ac
1371 1324 1720 1389 tonitribus
1761 1322 1946 1385 coelo
1970 1320 2223 1400 deice-f

85 1418 167 1468 ta.
248 1404 763 1467 Admirationem
820 1403 1055 1467 deinde
1110 1404 1318 1478 auxit,
1397 1405 1586 1489 signo
1644 1402 1938 1487 receptui
2010 1400 2179 1474 da't0,

84 1484 251 1547 adeo
292 1486 635 1568 tranquilla
678 1486 993 1548 serenitas
1034 1484 1320 1559 reddita,
1383 1498 1488 1559 ut,
1544 1484 1722 1549 velut
1759 1482 2020 1543 numine
2063 1482 2180 1543 ali-

84 1587 213 1649 quo
276 1564 547 1628 defensa
614 1580 825 1627 castra
884 1564 967 1627 ob
1016 1586 1256 1646 ugnare
1314 1566 1584 1639 iterum,
1657 1563 1894 1646 religio
1957 1562 2180 1625 fuerit.

84 1646 298 1708 omnis
340 1646 437 1706 ira
481 1644 639 1707 belli
680 1645 762 1708 ad
800 1666 977 1742 popu
1004 1648 1283 1719 ationem
1323 1646 1462 1729 agri
1500 1644 1716 1709 vertit.
1800 1644 1988 1705 Alter
2029 1662 2181 1703 con-

86 1727 187 1788 sul
226 1726 545 1789 Aemilius
585 1727 655 1787 in
700 1726 953 1790 Sabinis
993 1726 1237 1789 bellum
1269 1727 1489 1823 gessit.
1531 1740 1600 1788 et
1641 1724 1752 1797 ibi,
1799 1712 1948 1817 quia
1976 1722 2182 1785 hostis

86 1806 427 1870 moenibus
468 1827 541 1866 se
582 1806 859 1881 tenebat,
902 1808 1128 1869 vastati
1169 1826 1311 1891 agri
1354 1820 1522 1869 sunt.
1558 1802 1880 1868 Incendiis
1923 1800 2180 1877 deinde,

86 1907 217 1971 non
260 1887 556 1949 villamm
598 1886 809 1961 modo,
854 1886 972 1948 sed
1012 1888 1202 1949 etiam
1242 1888 1552 1961 vicorum,
1600 1884 1829 1969 quibus
1871 1882 2181 1966 frequen-

86 1978 191 2027 te‘r
240 1966 394 2027 habi
508 1980 684 2041 atur‘,
740 1966 964 2031 Sabini
1018 1958 1241 2043 exciti,
1299 1988 1496 2052 quum
1534 1962 2021 2049 praedatoribus
2065 1962 2182 2023 ob-

90 2046 333 2125 curriss
379 2067 383 2069 ·
512 2047 779 2129 ancipiti
811 2048 1065 2129 proelio
1107 2046 1407 2130 digressi,
1449 2060 1716 2129 postero
1759 2043 1864 2107 die
1896 2044 2183 2105 retulere

86 2142 299 2189 castra
348 2126 419 2187 in
472 2127 707 2189 tutiora
748 2129 908 2190 loca.
990 2127 1063 2190 ld
1103 2130 1255 2190 satis
1299 2128 1546 2197 consuli
1601 2126 1838 2197 visum,
1903 2144 2019 2185 cur
2058 2143 2182 2206 pro

90 2206 267 2269 victo
306 2206 711 2291 relinqueret
749 2208 1018 2282 hostem,
1065 2208 1334 2291 integro¹
1359 2206 1513 2270 in'de
1541 2205 1862 2268 decedens
1903 2204 2100 2266 bello.

244 2289 474 2351 Lxul.
558 2288 734 2350 Inter
770 2287 932 2351 haec
972 2290 1177 2361 bella‚'
1236 2301 1533 2350 manente
1575 2286 1710 2348 dis·
1816 2296 1890 2353 U.
1927 2317 1975 2355 c.
2019 2298 2139 2358 285.

86 2368 315 2429 cordia
357 2364 563 2449 domi.
608 2371 688 2430 Τ.
734 2368 1063 2432 Numicius
1104 2370 1403 2441 Priscus,
1444 2370 1526 2432 A.
1569 2367 1724 2432 Vir.
1827 2384 1877 2421 a.
1914 2370 1978 2424 C.
2018 2367 2160 2435 467·-

84 2448 307 2589 5inius
348 2448 645 2509 eonsules
686 2446 859 2512 facti.
938 2436 1296 2534 No·ltra
1335 2448 1670 2511 videbatur
1707 2447 1909 2508 latura
1951 2444 2181 2527 plebes

136 2528 800 2609 Rationem-agrariae
828 2528 1014 2611 legis,
1057 2530 1406 2613 ultimaque
1433 2528 1530 2591 vis
1561 2527 1922 2611 parabatur,
1965 2544 2178 2607 quum,

88 2610 368 2677 Volscos
386 2606 635 2682 adesse,
679 2608 853 2673 sumo
893 2630 972 2672 ex
992 2610 1311 2674 incendiis
1340 2609 1636 2672 villarum
1652 2607 1934 2690 fugaque
1963 2624 2184 2686 agres-

88 2689 247 2749 tium
321 2688 649 2771 cognitum
709 2702 829 2753 est.
945 2692 1039 2753 Ea
1099 2711 1208 2752 res
1261 2703 1566 2750 maturam
1617 2688 1742 2766 jam
1804 2685 2184 2749 seditionem

90 2788 165 2829 ac
190 2768 258 2845 ¹¹²)
300 2789 509 2909 prope
550 2782 991 2851 erumpentem
1028 2770 1366 2852 repressit.
1448 2769 1782 2841 Consules,
1827 2765 2031 2829 coacti
2073 2783 2185 2825 ex-

90 2850 334 2931 templo
388 2871 423 2909 a
512 2864 733 2911 senatu
774 2848 856 2912 ad
894 2851 1167 2925 bellum,
1223 2850 1462 2913 educta·
1494 2870 1571 2910 ex
1625 2848 1788 2910 urbe
1827 2846 2182 2927 juventute,

92 2928 603 3013 tranquilliorem
626 2944 927 2995 ,ceteram
968 2930 1224 3013 plebem
1266 2930 1585 2993 fecerunt.
1655 2932 1742 2990 Et
1780 2928 2000 2989 hostes
2043 2922 2184 3007 qui-
2261 2936 2282 2953 ·

94 3008 271 3081 dem,
334 3009 497 3070 nihil
519 3008 733 3091 {aliud
790 3030 977 3093 quam
1016 3008 1300 3093 perfu‘sis
1356 3031 1520 3074 vano
1573 3010 1803 3070 timore
1857 3004 2182 3077 Romanis,

92 3090 287 3151 citato
326 3091 579 3171 agmine
621 3090 1290 3154 abeunt.wNumicius
1331 3090 1594 3153 Antium
1647 3088 1968 3152 adversus·
1993 3086 2458 3148 volsar-2-

92 3190 243 3243 cos‚
288 3170 629 3253 Virginius
673 3183 896 3233 contra
936 3174 1195 3256 Aequos
1238 3172 1589 3253 profectus.
1672 3169 1770 3231 Ibi
1813 3164 2186 3229 ex-insidiis
2484 3166 2490 3173 '

92 3270 302 3332 prope
342 3270 567 3333 magna
608 3268 869 3333 accepta
912 3253 1115 3326 clade,
1158 3253 1364 3317 virtus
1405 3251 1680 3312 militum
1719 3270 1879 3318 rem.
1923 3246 2186 3329 prolap-

86 3351 225 3391 sam
266 3331 665 3413 negligentia
699 3334 805 3411 **)
846 3334 1163 3406 consulis,
1208 3332 1516 3395 restituit.
1601 3330 1837 3392 Melius
1881 3330 1948 3388 in
1989 3326 2184 3389 Vols-

88 3410 189 3472 cis
228 3410 614 3493 imperatum
656 3425 778 3479 est.
862 3414 1019 3475 Fusi
1060 3414 1272 3496 primo
1310 3413 1568 3494 proelio
1611 3411 1863 3481 hostes,
1907 3408 2186 3489 fugaque

88 3492 157 3553 in
198 3490 429 3553 urbem
459 3492 851 3565 Antium-ut
887 3506 1025 3556 tum
1052 3514 1160 3556 res
1190 3507 1402 3567 erant,
1447 3490 1994 3574 opulentissimam
2037 3486 2186 3551 acti.

90 3592 281 3654 quam
322 3573 549 3637 consul
594 3572 967 3658 obpugnare
1008 3596 1139 3636 non
1180 3594 1406 3647 ausus,
1448 3577 1810 3641 Cennnem,
1855 3568 2028 3629 aliud
2069 3586 2186 3659 op-

86 3650 343 3791 pidum,
390 3674 789 3797 nequaxcjuam
832 3668 956 3716 tam
999 3656 1401 3737 opulentum,
1467 3652 1546 3715 ab
1585 3648 1950 3714 Antiatibus
1989 3670 2065 3711 ce
2116 3659 2186 3708 lt.
2279 3678 2300 3705 a

123 3736 262 3795 )um
316 3734 532 3816 Aequi
647 3736 939 3819 olscique
980 3739 1306 3797 Romanos
1365 3734 1685 3796 exercitus
1739 3744 1987 3803 tenent,
2121 3749 2187 3786 a-

90 3812 225 3875 bini
262 3834 474 3899 nsque
516 3814 597 3876 ad
634 3830 853 3897 portas
893 3815 1087 3878 Urbis
1127 3816 1512 3901 populantes
1553 3814 1904 3877 incessere.
1951 3806 2187 3871 deinde

160 3990 219 4055 θ)
252 3990 343 4043 Aa
380 3988 485 4041 del.
524 3988 697 4044 G-ron.
768 3992 862 4059 st)
898 3992 1249 4063 Neglegentia
1284 3990 1494 4057 Kreyoe.
