2534 4309
285 197 430 270 356
657 201 1076 272 Luna
1173 198 1366 273 vm.
1470 202 1739 273 CA-P.
1845 195 2038 268 ιδ.
2484 7 2511 309 ι

290 389 538 534 sensti.
571 405 900 467 senatum,
985 391 1329 476 conquesti
1390 392 1617 456 eadem
1678 411 1750 454 se
1814 389 2203 455 foederatos
2264 389 2417 474 pati,

337 493 453 536 uae
541 486 718 536 ostes
763 486 984 536 essent
1022 475 1222 556 passi,
1267 473 1575 555 precibus
1617 472 1856 534 infimis
1898 473 2186 554 petiere,
2238 485 2419 534 utsu-

287 567 361 617 us
399 557 686 614 ducerent
723 555 991 616 Romani
1025 555 1378 626 victoriam,
1448 577 1629 633 quam
1684 553 2050 616 Samnitibus
2108 575 2186 614 ex
2234 555 2417 616 Cam-

281 657 444 716 pano
501 633 893 713 Sidicinoque
946 637 1112 696 hoste
1151 635 1533 717 ergipuissent:
1618 655 1695 696 ne
1754 633 1918 697 νίηοὶ
1964 635 2149 694 etiam
2218 656 2287 695 se
2342 637 2413 694 ab

285 713 682 798 ignavissimis
733 717 967 796 populis
1013 716 1293 776 sinerent.
1386 716 1635 777 Latinos
1692 717 2175 796 Campanosque,
2218 717 2283 776 .ςί
2312 719 2409 776 sub

285 798 514 857 ditione
547 797 759 876 populi
793 795 1064 856 Romani
1097 805 1303 868 essent,
1358 818 1473 877 pro
1526 797 1776 877 imperio
1829 805 2109 854 arcerent
2142 796 2415 856 Samniti

284 899 438 956 agro
443 899 474 954 ‚-
511 878 608 938 sin
649 875 965 956 imperium
1007 879 1365 947 abnuerent,
1427 877 1613 938 armis
1672 883 2031 938 coercerent.
2090 875 2403 940 adversus

282 957 444 1020 baec
483 977 869 1038 responsum
911 977 1148 1038 anceps
1193 956 1443 1031 datum,
1504 957 1659 1039 quia
1717 957 1911 1019 fateri
1970 954 2285 1037 pigebat,
2344 957 2409 1016 iu
2505 1028 2515 1045 Ι

279 1049 603 1120 potestate
649 1059 762 1100 sua
803 1037 1070 1098 Latinos
1113 1035 1238 1117 jam
1280 1059 1411 1100 non
1454 1055 1625 1112 esse,
1667 1037 2131 1116 timebantque,
2170 1059 2269 1100 ne
2308 1059 2413 1098 ar-

284 1117 544 1202 guendo
585 1115 1054 1180 abalienarent:
1099 1119 1549 1198 Campanorum
1585 1119 1771 1177 oliam
1810 1116 2229 1178 conditionem
2272 1139 2409 1186 esse,

285 1199 390 1278 qui
429 1221 556 1259 non
576 1199 862 1276 foedere,
899 1201 1008 1258 sed
1040 1220 1152 1279 per
1189 1199 1574 1268 deditionem,
1604 1199 1683 1262 in
1704 1202 1901 1274 fidem
1930 1196 2247 1259 ventas-ml.-
2290 1199 2413 1258 ito-

284 1301 396 1358 que
440 1279 794 1360 Campanoce,
853 1301 957 1340 seu
994 1281 1196 1350 velint,
1255 1299 1357 1338 seu
1396 1279 1617 1350 nolint,
1678 1279 1993 1357 quieturos.
2054 1277 2125 1336 ἰη
2143 1281 2412 1356 foeda-e

279 1361 501 1420 Latino
545 1361 703 1420 nihil
741 1377 898 1431 esse,
951 1363 1112 1439 quod
1139 1359 1248 1439 **)
1294 1359 1547 1430 bellare,
1608 1379 1746 1420 cum
1804 1359 2013 1439 quibus
2050 1359 2163 1438 ipsi
2201 1361 2407 1428 velint,

276 1441 730 1522 prohibeantur.
783 1471 792 1484 ’

445 1523 554 1583 111.
644 1518 838 1618 Quod
877 1539 1264 1602 responsum
1304 1517 1473 1582 sicut
1513 1517 1746 1582 dubios
1788 1519 2151 1593 Samnites,
2214 1520 2407 1604 quid-

281 1623 430 1664 nam
467 1599 788 1662 facturum
831 1603 1192 1664 Romanum
1223 1613 1610 1676 ·censerent,
1656 1601 1907 1663 dimisit
1928 1645 1946 1676 ‚
2000 1601 2089 1663 ita
2132 1603 2403 1685 Campa·

282 1702 405 1743 nos
447 1693 625 1743 metu
665 1679 1086 1760 aba'lienarit3
1129 1683 1434 1756 Latinos,
1475 1682 1652 1745 velut
1690 1681 1856 1744 nihil
1896 1680 2022 1762 jam
2064 1703 2199 1744 non
2242 1704 2403 1746 con-

281 1761 664 1824 cedentibus
707 1761 1040 1838 Romanis,
1100 1761 1467 1825 ferociores
1507 1761 1693 1827 feeit.
1778 1765 2040 1846 Itaque,
2080 1782 2205 1844 per
2245 1784 2403 1858 sfe-

282 1841 452 1904 ciem
494 1839 804 1904 adversus
834 1843 1152 1906 Samnites
1193 1842 1355 1905 belli
1394 1843 1663 1937 parandi
1704 1843 1933 1907 crebra
1975 1843 2251 1906 concilia
2292 1866 2403 1905 nn-

284 1921 600 1996 dicentes,
635 1922 931 1985 omnibus
973 1923 1547 1986 consultationibus
1592 1925 1767 1986 inter
1804 1945 1879 1986 se
1908 1919 2133 2006 princi
2170 1943 2241 1985 es
2280 1942 2401 1986 oc-

283 2003 456 2066 culte
483 2005 844 2064 Romanum
883 2025 961 2064 co
1009 2003 1246 2066 nebant
1287 2002 1548 2066 bellum.
1591 2003 1743 2066 huie
1783 2025 1911 2087 quo
1958 2023 2042 2065 ue
2084 2027 2123 2066 a
2168 2023 2393 2067 versus

282 2097 652 2148 servatores
697 2105 849 2146 suos
891 2024 1066 2146 beffio
1107 2087 1464 2166 Campanus
1504 2085 1752 2146 ‘adet-at.
1836 2087 1925 2148 Se
1994 2079 2389 2168 'quamquam

282 2165 497 2226 omnia
540 2164 644 2226 de'
667 2163 978 2226 industria
1007 2163 1398 2239 celabantur,
1440 2166 1776 2247 priusque,
1822 2185 2013 2248 quam
2050 2177 2391 2220 moveren-

281 2259 388 2308 tur
427 2241 704 2308 Roman-i
727 2289 744 2319 ‚
803 2245 947 2306 tolli
987 2245 1066 2305 ab
1122 2257 1313 2328 tergo
1357 2245 1713 2309 Samnitem
1748 2245 2001 2308 hostem
2040 2238 2391 2316 volebant3

279 2341 494 2388 tamen
535 2347 662 2408 per
699 2324 1006 2407 quosdam
1029 2369 1047 2399 ‚
1109 2325 1380 2420 privatis
1422 2325 1727 2408 hospitiis
1770 2318 2393 2388 necessitudinibus-

283 2429 410 2488 que
452 2405 866 2500 conjunctt>83
932 2403 1170 2478 indicta
1211 2405 1677 2486 conjurationis
1720 2399 1861 2481 ejus
1902 2404 2173 2462 Romam
2212 2421 2392 2462 ema-

281 2501 528 2550 narunt.
575 2486 899 2568 jussisque
929 2499 1077 2548 ante
1116 2499 1371 2582 tempus
1401 2482 1773 2548 consulibus
1815 2479 2115 2543 abdicare
2156 2499 2229 2541 se
2258 2501 2397 2540 ma-

281 2569 572 2650 gistratu,
615 2586 743 2648 quo
782 2566 1092 2628 maturius
1135 2587 1289 2630 novi
1322 2565 1619 2626 consules
1662 2563 1971 2626 adversus
1994 2573 2235 2622 tantam
2252 2581 2395 2620 mo-

279 2651 412 2710 lem
453 2647 610 2710 belli
652 2661 1046 2719 crearentur,
1087 2646 1325 2730 religio
1354 2643 1645 2718 incessit,
1688 2643 1765 2704 ab
1808 2642 1928 2716 eis,
1974 2661 2249 2723 quorum
2288 2640 2395 2700 in-

280 2729 599 2790 minutum
641 2727 986 2810 imperium
1030 2740 1241 2801 esset,
1290 2722 1549 2789 comitia
1589 2722 1837 2785 baberi.
1920 2727 2139 2803 Itaque
2184 2719 2393 2784 inter-

277 2829 551 2893 regnum
595 2807 846 2870 initum.
917 2809 1044 2873 duo
1087 2808 1455 2890 interreges
1515 2805 1777 2866 suerunt
1832 2807 1924 2868 M.
1966 2801 2272 2866 Valerius
2314 2821 2391 2863 ac

318 2904 391 2963 U.
433 2923 478 2958 c.
528 2904 648 2968 415.
798 2895 888 2952 M.
949 2889 1204 2952 Fabius.
1332 2885 1547 2950 Creati
1607 2886 1907 2947 consules
1967 2887 2047 2944 T.
2112 2881 2397 2943 Manlius

320 2993 371 3032 a.
409 2975 471 3028 C·
511 2974 627 3040 337·
779 2977 1144 3053 Torquatus
1183 2965 1471 3038 tertium,
1514 2971 1589 3028 P.
1632 2965 1874 3027 Decius
1916 2969 2061 3026 Mus
2080 2959 2241 3036 “*).
2286 2965 2399 3025 Eo

280 3076 449 3119 anno
492 3053 960 3125 Alexandrum,
1021 3053 1077 3111 E
1128 3049 1213 3110 iri
1255 3067 1513 3130 regem,
1571 3047 1639 3107 in
1678 3045 1917 3106 Italiam
1960 3044 2231 3106 classem
2276 3041 2396 3102 ad-

329 3137 528 3197 ulisse
586 3148 855 3197 constat.
973 3153 1054 3193 uo
1139 3128 1383 3191 bellum
1407 3170 1423 3200 ‚
1485 3127 1544 3188 si
1604 3127 1815 3209 prima
1870 3125 2025 3188 satis
2069 3141 2227 3205 pros
2276 3143 2395 3184 era

312 3217 588 3289 uissent,
651 3214 822 3277 baud
881 3151 1077 3274 diibie
1131 3209 1214 3272 ad
1253 3213 1577 3271 Romanos
1628 3205 2059 3290 pervenisset.
2140 3207 2235 3265 Ea
2286 3223 2391 3265 em

277 3311 450 3358 aetas
504 3316 724 3356 rerum
764 3293 988 3376 Magni
1030 3288 1382 3353 Alexandri
1444 3301 1587 3350 est:
1698 3307 1849 3348 uem
1902 3303 2135 3348 sorore
2186 3282 2393 3363 hujus

280 3389 514 3452 ortum,
548 3373 627 3438 'in
667 3375 796 3437 alio
839 3387 1046 3436 tractu
1077 3369 1281 3444 orbis,
1326 3367 1633 3432 invictum
1718 3367 1863 3429 ellis
1886 3365 2207 3447 juvenem,
2250 3364 2393 3425 for-

277 3469 430 3520 tuna
487 3456 719 3518 morbo
781 3453 1106 3517 exstinxit.
1193 3454 1497 3514 Ceterum
1538 3447 1846 3522 Romani,
1916 3446 2043 3508 etsi
2100 3445 2395 3507 defectio

277 3537 608 3600 sociorum
627 3534 1036 3618 nominisque
1064 3531 1280 3596 Latini
1305 3529 1475 3591 haud
1516 3530 1707 3592 dubia
1744 3541 1921 3603 erat;
1965 3539 2203 3596 tamen,
2220 3537 2395 3586 tam·

185 3677 212 3686 ,
279 3637 466 3698 quam
511 3617 592 3678 de
635 3616 1048 3688 Samnitibus,
1091 3635 1223 3676 non
1263 3612 1346 3674 de
1388 3631 1493 3688 se,
1557 3631 1773 3673 curam
1814 3619 2116 3693 agerent,
2161 3606 2397 3667 decem

251 3697 610 3780 -Principes
651 3695 1028 3756 Latinorum
1071 3699 1342 3757 Romam
1385 3705 1842 3761 evocaverunt,
1904 3683 2137 3771 quibus
2180 3687 2397 3768 impe-

345 3861 399 3929 ⁴)
432 3863 674 3916 adiissent
709 3864 881 3921 Gren.
921 3863 1076 3920 Crev.
1165 3861 1250 3927 θ’)
1284 3861 1361 3915 sic
1396 3859 1541 3918 saed.
1579 3881 1681 3935 quo
1714 3860 1857 3930 vulg.
1944 3861 2063 3923 ’.ἢ
2098 3855 2154 3908 Is
2186 3861 2397 3910 crea-tit

345 3978 350 3986 .
447 3935 701 4052 zon-sulae&
753 3933 818 3984 T.
853 3933 1119 3989 Manlium
1155 3931 1477 4006 Torquatum
1510 3935 1769 3992 tertium„
1795 3929 1866 3990 P,
1902 3927 2118 3980 Decium
2152 3923 2399 3984 Mau-m.

505 4018 618 4052 ron.
703 4018 812 4054 τεν.
