2534 4309
347 148 482 239 258
719 162 2067 267 L1n1znv.cap.58.59.

343 354 589 418 liberos
635 354 954 437 fugerent.
1040 356 1397 437 Parumper
1434 352 1861 418 subsidiarios
1904 348 2155 418 ‘tutatus
2196 371 2301 418 est
2344 358 2451 418 lo-

348 456 478 497 cus.
527 436 596 495 in
637 436 886 517 reliqua
929 434 1070 496 acie
1113 437 1301 497 simul
1342 450 1441 497 est
1482 438 1740 509 elamor,
1792 434 2104 519 proximis
2146 437 2229 499 ab
2276 440 2445 514 [ato-

341 537 455 590 re,
505 515 748 578 ultimis
791 516 870 575 ab
913 527 1134 597 tergo,
1219 518 1509 589 auditus,
1598 522 1887 599 ignotum
1944 518 2196 578 hostem
2250 520 2445 599 prius

345 616 514 676 pene
557 618 744 679 quam
787 596 1102 668 viderent,
1163 618 1294 657 non
1336 597 1529 657 modo
1568 618 1698 658 non
1756 611 1993 675 tentato
2054 599 2445 671 certamine,

343 676 464 737 sed
507 697 590 737 ne
635 678 912 737 clamore
958 675 1218 758 quidem
1259 676 1539 751 reddito,
1586 678 1823 757 integri
1864 677 2215 761 intactique
2246 678 2445 758 fuge-

344 771 512 817 runt.
558 760 693 819 Nec
738 757 864 818 ulla
909 749 1139 817 caedes
1183 756 1599 839 pugnantium
1638 758 1785 817 suit.
1830 772 2013 850 terga
2053 779 2235 819 caesa
2284 780 2445 819 suo-

233 884 286 919 ,⁶
341 851 472 899 met
526 836 814 931 ips-orum
871 838 1221 899 certamine
1288 841 1352 903 in
1388 838 1601 898 ·turha
1658 836 2121 917 inpedientium
2194 838 2443 920 fugam.

343 919 530 981 Circa
577 939 780 999 ripam
823 916 1106 989 Tiberis,
1151 938 1281 1001 quo
1324 918 1515 979 armis
1558 916 1825 995 abjectis
1870 930 2065 977 totum
2098 918 2445 980 sinistrum

343 1018 546 1059 cornu
589 997 859 1081 defugit,
903 1017 1128 1089 magna
1169 1010 1417 1080 strages
1460 997 1623 1059 facta
1667 1011 1800 1057 est:
1863 998 2266 1079 multosque,
2330 1000 2441 1058 in-

306 1079 593 1171 *pqritos
637 1078 834 1139 nandi
877 1090 982 1139 aut
1025 1076 1366 1147 invalidos,
1412 1098 1639 1159 graves
1680 1077 1907 1139 loricis
1969 1078 2243 1171 aliisque
2289 1095 2441 1161 teg-

341 1158 646 1232 minibus,
689 1158 964 1220 hausere
1009 1158 1319 1241 gurgites.
1380 1159 1643 1219 maxima
1702 1172 1912 1219 tamen
1974 1178 2121 1239 pars
2182 1160 2443 1219 incolu-

339 1238 464 1301 mis
491 1237 691 1319 Veios
735 1237 1056 1332 perfugit3
1101 1238 1271 1299 uude
1314 1260 1443 1310 non
1485 1236 1675 1298 modo
1718 1236 2029 1318 praesidii
2052 1236 2431 1329 quidquam,

231 1342 240 1351 ’
341 1318 461 1381 sed
501 1339 584 1380 ne
625 1332 884 1379 nuntius
929 1314 1186 1398 quidem
1229 1318 1470 1393 cladis,
1536 1321 1799 1378 Romam
1839 1330 1941 1379 est
1980 1319 2234 1391 missus.
2324 1320 2431 1379 Ab

341 1399 571 1461 dextro
611 1418 838 1471 cornu,
883 1396 1056 1479 quod
1097 1400 1323 1479 procul
1372 1420 1406 1457 a
1450 1394 1712 1459 flumine
1754 1412 1819 1458 et
1848 1398 2047 1481 magis
2069 1398 2439 1459 submonte

341 1492 632 1551 steterat,
675 1482 958 1553 Romam·
985 1498 1208 1539 omnes
1247 1480 1535 1561 petiere,
1604 1493 1705 1551 et,
1768 1498 1851 1540 ne
1894 1477 2125 1541 clausis
2167 1478 2437 1561 quidem

343 1558 552 1643 portis
593 1558 802 1631 urbis,
849 1557 916 1616 in
955 1576 1170 1621 arcem
1212 1559 1660 1639 confugerunt.
2322 1568 2329 1575 ’

506 1640 796 1699 XXXIX.
886 1636 1102 1697 Gallos
1146 1653 1399 1719 quoque
1462 1640 1636 1701 velut
1695 1638 2171 1720 obstupefactos
2234 1637 2431 1697 mira-

245 1738 252 1741 ·
341 1720 554 1783 culum
609 1718 920 1783 victoriae
980 1712 1104 1777 tant
1165 1718 1547 1797 repentinae
1608 1719 1831 1781 tenuit.
1890 1732 1957 1779 et
2014 1718 2139 1799 ipsi
2186 1720 2433 1797 pavore

344 1798 539 1862 defixi
582 1799 856 1881 primum
897 1809 1253 1872 steterunt,
1319 1798 1496 1861 velut
1536 1798 1779 1881 ignari,
1860 1798 2016 1879 quid
2056 1797 2425 1859 accidisset.

344 1880 582 1943 deinde
625 1879 892 1941 insidias
935 1876 1194 1954 vereri3
1243 1895 1571 1959 postremo
1615 1898 1943 1940 caesorum
1986 1880 2195 1958 spolia
2236 1878 2431 1960 lege-

343 1980 458 2035 ro,
501 1978 948 2041 armorumque
989 1959 1312 2031 cumulos,
1374 1974 1443 2020 ut
1483 1980 1621 2020 mos
1666 1960 1765 2020 eis
1810 1974 1942 2031 est,
2016 1978 2425 2021 coacervare.

347 2044 510 2103 Tum
552 2039 822 2110 demum,
867 2052 1018 2123 post
1065 2060 1205 2099 uam
1245 2039 1407 2099 nihil
1452 2060 1715 2121 usquam
1754 2034 1993 2102 hdstile
2012 2038 2425 2111 cernebatur,

247 2150 256 2156 ·
345 2122 511 2183 viam
553 2118 853 2205 ingressi,
898 2120 1048 2181 hau>
1103 2119 1301 2181 multo
1344 2132 1490 2182 ante
1532 2119 1688 2179 solis
1733 2139 2027 2181 occasum
2074 2118 2155 2179 ad
2198 2118 2431 2181 urbem

343 2204 612 2271 Romam
701 2201 1070 2269 erveniunt.
1140 2198 1251 2261 uhi
1296 2219 1485 2280 quum
1522 2200 1913 2281 praegressi.
1944 2198 2236 2279 equites,
2296 2220 2425 2259 non

345 2295 564 2366 portas
605 2300 640 2343 c
667 2302 873 2355 ausas,
917 2302 1048 2343 nou
1092 2280 1430 2341 stationem
1472 2298 1595 2361 pro
1634 2280 1843 2361 portis
1889 2278 2229 2353 excubare,
2298 2300 2427 2339 non

343 2362 618 2425 armatos
663 2380 808 2421 esse
853 2360 920 2421 in
959 2360 1200 2432 muris,
1263 2358 1639 2421 retulissent
1652 2380 1686 2437 3.
1744 2357 1917 2422 aliud
1954 2358 2166 2441 priori
2210 2359 2427 2421 simile

289 2442 716 2521 ‘miraculum
769 2460 884 2505 eos
935 2440 1269 2515 sustinuit3
1338 2454 1726 2523 ‚noctemque
1786 2440 1980 2500 veriti
2046 2452 2133 2499 et·
2164 2438 2427 2520 ignotae

341 2524 536 2585 situm
575 2522 796 2595 urbis,
878 2521 1050 2585 inter
1100 2524 1369 2583 Romam
1426 2534 1617 2601 atque
1660 2520 1975 2581 Anienem
2039 2518 2423 2589 consedere,

344 2600 860 2686 exploratoribus
901 2602 1122 2665 missis
1166 2601 1337 2663 eirca
1378 2599 1631 2662 moenia
1648 2597 1934 2681 aliasque
1958 2612 2200 2681 portas),
2236 2619 2425 2680 quae·

343 2704 490 2745 nam
542 2680 836 2745 hostibus
897 2683 965 2745 in
1023 2680 1276 2766 perdita
1333 2683 1411 2741 re
1460 2680 1727 2742 consilia
1787 2694 2025 2741 essent.
2124 2680 2425 2750 Romani,

343 2784 538 2847 quum
577 2782 728 2842 pars
768 2760 974 2842 major
1015 2784 1093 2825 ex
1133 2762 1273 2831 acie
1293 2760 1491 2841 Veios
1530 2761 1805 2842 petisset
1830 2762 1914 2838 ⁴¹),
1958 2780 2151 2823 nemo
2194 2777 2429 2839 super-

343 2864 490 2909 esse
563 2862 940 2926 quemquam
991 2843 1252 2925 praeter
1305 2862 1417 2904 eos
1438 2885 1455 2914 ‚
1536 2840 1645 2923 qui
1696 2842 1959 2902 Romam
2028 2840 2425 2921 refugerant,

343 2924 666 2997 erederet,
709 2942 850 2985 eom
897 2922 1088 2985 lot-ati
1129 2940 1375 2995 omnes,
1420 2922 1665 3003 pariter
1702 2922 1836 2984 vivi
1878 2919 2279 3003 mortuique,
2324 2934 2427 2980 to·

343 3018 484 3073 tam·
509 3022 717 3087 prope
772 3024 850 3064 ur
895 3024 995 3067 em
1034 3002 1331 3067 lamentis
1370 2991 1799 3083 inpleverunt.
1878 2999 2175 3061 Privatos
2240 3000 2427 3060 dein-

343 3085 427 3153 de
470 3086 678 3145 luctus
732 3082 1078 3169 stupefecit
1134 3078 1430 3165 publicus
1539 3103 1727 3155 avor,
1808 3093 2149 3162 postquam
2200 3078 2425 3141 hostes

341 3163 572 3227 adesse
613 3164 964 3227 nuntiatum
1005 3178 1120 3225 est.
1181 3182 1330 3223 mox
1388 3162 1499 3223 ulu
1525 3176 1659 3226 ama
1701 3174 2046 3255 cantusque
2100 3158 2424 3234 dissonos,

305 3284 310 3289 ·
344 3242 716 3327 vagantibus
757 3245 928 3311 circa
971 3242 1224 3307 moenia
1278 3242 1597 3303 turmatim
1652 3239 1981 3313 barba-1⁸4
2054 3238 2421 3302 audiebant.

341 3324 553 3387 Omne
595 3322 748 3387 inde
805 3338 1056 3407 tempus
1112 3342 1463 3417 suspensos
1525 3322 1611 3383 ita
1665 3320 1873 3385 tenuit
1920 3320 2165 3381 animos
2222 3340 2429 3401 usque

305 3402 422 3479 ,ad
461 3402 668 3465 lucem
708 3405 1033 3481 alteram‚·
1091 3418 1162 3465 ut
1218 3402 1589 3465 idemtidem
1630 3399 1754 3481 jam
1796 3402 1865 3462 in
1904 3398 2135 3463 urbem
2172 3398 2428 3463 futurus

343 3481 672 3545 videretur
716 3483 970 3566 inpetus
1013 3481 1224 3566 primo
1265 3481 1558 3555 adventu,
1606 3502 1733 3563 quo
1776 3494 2185 3543 accesserant
2209 3480 2291 3541 ad
2314 3502 2427 3541 ur-

341 3563 507 3625 bem.
551 3568 880 3627 mans'uros
925 3568 1098 3627 enim
1137 3564 1216 3625 ab
1261 3563 1491 3625 Alliam
1530 3560 1765 3636 fuisse,
1826 3562 1953 3625 nisi
1994 3560 2121 3623 hoe
2162 3561 2427 3624 consilii

341 3642 548 3705 foret..
617 3640 874 3707 Deinde
915 3646 1030 3709 sub
1073 3646 1365 3715 occasum
1407 3642 1585 3713 solis,
1630 3644 1777 3725 quia
1818 3640 1986 3721 haud
2006 3642 2269 3703 multum
2288 3640 2433 3703 diei

341 3742 413 3783 su
463 3736 694 3795 eremit,
741 3738 886 3787 ante
928 3738 1182 3788 noctem
1221 3724 1345 3784 rati
1386 3744 1463 3786 se
1489 3723 1857 3799 invasuros;
1902 3736 2033 3783 tum
2070 3720 2139 3781 in
2152 3734 2431 3783 noctem

343 3742 602 3865 &litum
665 3799 1002 3871 consilium
1071 3824 1250 3876 esse,
1288 3808 1297 3826 ‘
1335 3826 1463 3887 quo
1526 3804 1669 3885 plus
1742 3802 2000 3885 pavoris
2071 3800 2428 3877 inferrent.

341 3884 678 3944 Postremo
697 3882 826 3947 λιιι
871 3884 1395 3971 adpropinquans
1434 3884 1835 3975 exanimare:
1880 3880 2223 3965 timorique
2266 3902 2429 3965 per-

404 4016 457 4079 ·)
492 4022 708 4073 petiisset
745 4018 914 4102 Gron.
952 4020 1108 4081 Crev.
