2534 4309
542 174 955 243 Llnnn
1054 176 1528 244 naci».
1640 195 1695 243 1.
2011 193 2148 261 ³7¹

622 358 1081 436 EPITOME
1142 362 1420 426 LIBRI
1483 358 1594 431 IV.

224 508 357 567 Leoe
396 508 474 568 de
510 508 797 567 connubio
839 508 1087 567 Patr-um
1128 516 1183 566 et
1219 508 1398 585 plebis
1435 530 1474 568 a
1513 510 1758 571 tribunis
1796 511 1970 590 plebis
2005 532 2152 572 eon-

70 589 325 648 tentione
365 608 602 666 magna,
644 589 917 647 Patribus
952 589 1424 665 repugnantibus,
1465 590 1688 667 perlata
1727 602 1826 651 est.
1905 592 2154 651 Tribuni

72 668 368 727 melitus-es.
452 670 697 745 Aliquot
734 670 903 728 annis
940 688 1029 726 res
1064 668 1271 746 populi
1305 670 1563 729 Romani
1599 672 1768 729 domi
1805 671 2152 747 militiaeque

68 770 172 825 per
210 750 327 807 hoc
360 768 545 826 genus
585 748 957 825 magistratus
992 748 1434 827 administratae
1467 760 1619 809 sunt.
1705 750 1860 809 Item
1897 770 2152 811 censores

70 840 211 885 tunc
256 827 522 906 primum
576 830 762 889 creati
808 839 961 887 sunt.
1045 828 1207 905 Ager
1243 827 1597 903 Ardeatibus
1653 830 1858 909 populi
1895 829 2156 891 Romam·

56 908 290 981 judicio
320 908 563 977 ablatus,
606 907 787 966 missis
826 910 887 966 in
930 928 1062 967 eum
1085 906 1321 983 colonis,
1367 920 1478 969 rest
1493 910 1658 969 ‘tutus
1694 920 1790 969 est.
1873 930 2014 968 uum
2036 912 2152 985 sa-

70 1008 163 1045 me
198 988 446 1065 populus
484 988 783 1046 Romanus
820 988 1127 1057 laboraret,
1170 988 1274 1065 Sp.
1321 990 1462 1049 Mae
1485 992 1590 1061 ius,
1633 1008 1794 1067 eques
1833 930 2151 1060 Fontanus,

54 1068 437 1141 ⁸frumentum
474 1067 688 1145 populo
724 1086 827 1125 sua
867 1068 1102 1146 inpensa
1142 1068 1388 1145 largitus
1427 1080 1534 1129 est.-
1578 1080 1666 1139 et,
1711 1070 1783 1127 ob
1826 1070 1898 1126 id·
1912 1072 2153 1146 sactum

70 1146 381 1205 ‹one-niatu
420 1147 532 1205 sibi
565 1148 742 1225 plebe,
788 1167 1033 1223 regnum
1073 1150 1392 1221 adfectans,
1435 1170 1490 1207 a.
1538 1149 1603 1209 C.
1646 1149 1895 1208 Servilio
1933 1149 2158 1218 Ahala,-

74 1225 355 1301 .nagistro
394 1226 651 1302 equitum
661 1266 683 1296 ,
715 1228 878 1301 jussu
919 1227 1184 1303 Quinctii
1223 1227 1564 1287 Cincinnati
1599 1228 1932 1298 dictatoris,
1993 1228 2154 1287 occi-

70 1326 163 1363 sus
196 1314 318 1363 est.-
378 1305 449 1364 L.
494 1306 795 1365 Minucius
837 1306 1015 1365 index
1054 1308 1194 1364 bove
1230 1318 1441 1367 aurata
1491 1310 1740 1368 donatus
1778 1317 1878 1367 est.
1961 1308 2154 1384 Lega-

72 1386 145 1443 tis
182 1383 467 1443 Romanis
502 1405 543 1443 a
582 1384 955 1446 Fidenatibus
993 1388 1188 1446 occisis
1202 1428 1223 1457 ,
1283 1390 1562 1463 quoniam
1609 1389 1682 1446 ob
1739 1388 2155 1465 rempublicam

69 1465 487 1535 occubuerant,
547 1476 768 1524 statuae
809 1465 873 1525 in
910 1466 1135 1527 Rostris
1184 1466 1405 1545 positae
1450 1478 1602 1553 sunt.
1687 1464 1890 1528 Cossus
1931 1467 2155 1527 Corne-

68 1545 177 1602 lius
219 1544 487 1603 tribunus
528 1546 815 1615 militum,
856 1547 1041 1605 occiso
1085 1546 1393 1607 Tolumnio
1433 1569 1570 1626 rege
1613 1548 1938 1623 Veientium
1959 1590 1977 1620 ‚
2021 1548 2156 1626 opi-

70 1644 167 1681 ma
220 1624 411 1701 spolia
463 1626 717 1683 secunda
768 1626 982 1685 retulit.
1068 1626 1258 1685 Mam.
1302 1626 1584 1687 Aemilius
1622 1629 1905 1701 dictator,
1949 1646 2154 1686 censu-

68 1724 171 1763 rae
208 1705 462 1775 honore,
526 1704 630 1782 qui
662 1714 833 1764 antea
870 1726 975 1783 per
1030 1706 1484 1783 quinquennium
1515 1710 1858 1785 gerebatur,
1917 1706 2062 1779 anni
2097 1714 2155 1765 et

70 1787 169 1843 sci·
210 1783 495 1843 mensium
530 1786 717 1877 spatio
740 1785 958 1855 finito,
1018 1786 1091 1843 ob
1128 1790 1258 1844 ea'm
1313 1808 1438 1846 rem
1485 1808 1524 1845 a
1563 1787 1888 1847 censoribus
1925 1794 2157 1845 notatus
2187 1834 2192 1839 .

69 1874 166 1922 est.
252 1863 507 1922 Fidenae
548 1886 612 1922 ιη
648 1874 989 1959 potestatem
1029 1866 1318 1934 redactae,
1359 1886 1537 1945 eoque
1573 1866 1770 1927 coloni
1807 1865 1968 1924 missi
1998 1874 2154 1924 sunt.

70 1944 273 2019 quibus
308 1942 543 2013 occisis,
586 1944 925 2014 Fidenates,
968 1965 1147 2023 quum
1188 1946 1549 2021 defecissent,
1592 1968 1648 2023 a·
1671 1947 1862 2005 Mam.
1903 1942 2157 2004 Aemilio

72 2024 359 2081 dictatore
396 2023 538 2083 victi
572 2034 744 2096 sunt,
788 2034 845 2083 et
882 2024 1135 2083 Fidenae
1173 2036 1396 2103 captae.
1479 2024 1819 2101 Conjuratio
1857 2043 2158 2083 servorum

72 2122 337 2181 oppressa
376 2110 475 2161 est.
558 2103 908 2173 Postumia-5,
953 2105 1215 2163 tribunus
1245 2104 1519 2178 militum,
1560 2116 1800 2185 propter
1837 2103 2160 2162 crudelita-

72 2192 185 2239 tem
224 2182 301 2239 ab
340 2181 605 2240 exercitu·
639 2184 861 2253 occisus,
892 2194 991 2243 est.
1072 2184 1448 2263 Stipendium
1487 2206 1560 2245 ea·
1598 2183 1826 2244 aerario
1868 2192 1995 2241 tum
2031 2181 2160 2260 pri-

73 2284 235 2321 mum
296 2261 576 2321 militibus
637 2264 847 2321 datum
914 2274 1011 2322 est.
1112 2264 1227 2323 Res
1281 2276 1582 2337 praeterea
1647 2272 1838 2344 gestas
1887 2264 2163 2325 adversus

74 2343 327 2413 Volscos,
370 2352 429 2400 et
466 2340 771 2403 Fidenates
810 2352 867 2402 et
904 2343 1171 2415 Faliscos,
1212 2344 1488 2405 continet.

226 2612 279 2671 1.
363 2610 503 2671 Hos
535 2604 741 2672 secuti
780 2614 868 2673 Μ.
902 2612 1231 2673 Genucius
1275 2625 1340 2673 et
1365 2610 1443 2675 C.
1491 2611 1654 2673 Cur·
1771 2620 1842 2677 U.
1885 2642 1935 2682 e.
1972 2626 2093 2687 sno.

73 2688 193 2751 tius
259 2690 580 2753 consules.
665 2691 813 2753 Fuit
870 2712 1072 2753 annus
1134 2692 1306 2753 domi
1366 2690 1674 2775 forisque
1775 2696 1829 2748 h.
1869 2692 1932 2750 C.
1972 2702 2093 2755 ⁴42.

72 2770 368 2831 infestus.
426 2792 569 2831 nam
625 2771 775 2831 anni
815 2771 1143 2852 principio
1198 2786 1264 2833 et
1307 2770 1386 2831 de
1430 2770 1752 2832 connuhio
1792 2764 2052 2831 Patru'm
2095 2782 2163 2831 et

74 2850 285 2929 plebis
330 2852 403 2912 C.
448 2848 785 2929 Canuleius
831 2851 1124 2913 tribunus
1168 2851 1382 2932 plebis
1423 2852 1830 2933 rogationem
1870 2848 2158 2931 promul·

110 2931 277 3009 avit3
324 2952 447 3013 qua
489 2931 907 2993 contaminari
952 2934 1330 3013 sanguinem
1372 2952 1555 2994 suum
1595 2933 1843 3004 Patres,
1888 2930 2158 2993 consun-

72 2950 265 3093 {ique
306 3010 451 3089 jura
491 3012 779 3093 gentium
822 3010 1158 3073 rebantur:
1223 3024 1289 3072 et
1325 3010 1630 3085 menti0,.
1663 3010 1874 3091 primo
1917 3008 2160 3071 sensim

74 3092 262 3152 inlata
304 3110 341 3151 a
382 3090 691 3161 tribunis,
752 3104 831 3161 ut,
862 3091 1130 3153 alterum
1186 3112 1265 3153 ex
1306 3089 1500 3172 plebe
1563 3090 1890 3152 consulem
1928 3089 2161 3150 liceret

70 3170 239 3247 fieri,
285 3190 367 3231 eo
404 3170 733 3251 processit
775 3170 1046 3245 deinde,
1092 3186 1159 3233 ut
1198 3170 1602 3253 rogationem
1645 3191 1875 3234 novem
1915 3167 2164 3231 tribuni

70 3250 588 3332 promulgarent,
635 3260 699 3309 ut
736 3252 951 3330 populo
989 3261 1236 3331 potestas
1277 3260 1434 3322 esset,
1473 3270 1572 3311 seu
1613 3252 1688 3310 de
1727 3252 1906 3330 plebe,
1947 3268 2044 3309 seu
2084 3249 2163 3309 do

68 3332 335 3391 Patribus
392 3331 593 3399 vellet,
655 3332 915 3391 consules
932 3332 1225 3408 jaciendi.
1295 3326 1382 3411 'ld
1425 3351 1582 3393 vero
1643 3330 1700 3395 si
1743 3327 1968 3403 fieret,
2027 3350 2162 3391 non

66 3411 311 3493 vulgari
354 3408 548 3471 modo
592 3430 733 3471 cum
776 3410 1037 3485 infimis„
1082 3410 1199 3473 sed
1240 3431 1510 3494 prorsus
1552 3410 1795 3472 auferri
1839 3432 1874 3471 a
1916 3408 2160 3491 primo-

68 3492 245 3551 ribus
293 3488 375 3551 ad
413 3490 715 3583 plebem,
779 3512 1091 3551 summum
1134 3489 1477 3572 imperium
1520 3488 1892 3553 credebant.
1974 3483 2162 3550 Laeti

72 3592 223 3653 ergo
280 3568 549 3631 audiere
588 3574 853 3645 Patres,
912 3572 1288 3633 Ardeatium
1349 3572 1660 3653 populum
1721 3570 1806 3633 ob
1859 3568 2163 3649 injuriam

72 3652 199 3731 agri
242 3648 589 3729 abjudicati
634 3649 921 3714 descisse
939 3664 969 3721 ‚⁸
1015 3664 1083 3712 et
1122 3650 1450 3733 V=ejentee
1480 3652 1908 3735 depopulatos
1949 3663 2162 3710 extre-

76 3750 165 3789 ma
204 3730 349 3813 agri
389 3730 685 3805 Romani,
731 3744 797 3792 et
834 3731 1109 3797 Volscos
1150 3734 1412 3815 Aequos
1461 3752 1541 3793 ue
1585 3733 1668 3793 ob
1714 3729 2166 3792 communitam

74 3810 502 3894 Verruginem
554 3810 860 3872 fremere.
921 3810 1080 3873 adeo
1134 3813 1237 3875 v'cl
1297 3810 1431 3871 inse
1463 3811 1526 3871 ix
1583 3804 1826 3872 Bellum
1887 3808 2165 3892 ignomi-

76 3891 287 3952 niosae
328 3890 476 3972 paci
517 3888 995 3969 praeferebant.
1038 3892 1161 3953 His
1204 3892 1424 3974 itaque
1467 3892 1536 3951 in
1577 3890 1779 3973 majus
1823 3888 2012 3949 ctiam
2059 3906 2166 3948 ac-

77 3972 306 4055 ceptis,
370 3984 443 4032 ut
492 3970 667 4032 inter
726 3970 1063 4053 strepitum
1112 3966 1221 4035 τοτ’
1275 3968 1608 4033 bellorum'
1651 3969 2167 4033 conticescerent
