2534 4309
1246 1 1310 6 .,,
1365 3 1376 6 -
1407 1 1668 26 Ἷ,τ,.---
1699 1 2495 28 „W

509 195 1855 280 L1nnnxcir.44.45.
2074 199 2208 294 487

121 407 262 454 tem
309 390 630 454 conficere
671 404 959 474 possent.
1040 395 1128 453 Ita
1222 411 1281 466 e,
1327 392 1537 456 literis
1577 391 1794 452 missis
1836 389 2219 453 adsenatum

114 473 564 566 populumque
619 469 1053 533 Romanumde
1084 493 1156 532 re
1203 494 1279 534 us
1309 473 1388 534 ab
1429 477 1511 533 se‘
1526 471 1745 554 gestis,
1792 469 2055 546 diversi,
2096 475 2219 534 Pa-

163 554 335 614 inus
377 552 458 612 ad
501 551 865 632 Saepinum,
910 552 1222 616 Carvilius
1258 551 1341 614 ad
1378 553 1691 617 Volanam
1730 549 2219 632 obpugnandam
2287 557 2303 578 ⁸

111 575 422 715 l’cgiones
464 630 720 693 ducunt.
774 678 778 682 .
1151 655 1158 665 ·

287 713 485 775 XLV.
535 712 826 774 ·Literae
865 711 1197 774 consulum
1239 711 1488 794 ingenti
1525 709 1769 772 laetitia
1828 723 1893 772 et
1930 709 2001 770 in
2043 711 2221 772 curia

113 805 188 852 et
249 791 321 852 in
375 793 688 854 concione
730 791 978 854 auditae
996 814 1014 870 3
1089 804 1155 852 et
1215 791 1539 885 quatridui
1592 789 2057 874 supplicatione
2101 810 2221 872 pu-
2258 853 2274 860 ,

115 870 372 932 blicum
414 871 712 954 gaudium
753 873 1018 952 privatis
1061 871 1293 932 studiis
1334 873 1727 935 celebratum
1769 883 1884 932 est.
1936 889 2059 930 nec
2099 891 2221 952 po·

113 951 282 1031 pulo
325 954 616 1013 Romano
657 972 876 1034 magna
919 954 1150 1024 solum,
1196 950 1315 1012 sed
1354 963 1841 1035 peropportuna
1886 951 2098 1021 etiam,
2146 970 2221 1012 ea

113 1031 396 1092 victoria
453 1031 610 1108 suit3
700 1031 846 1112 quia
907 1051 1028 1114 per
1083 1031 1254 1092 idem
1320 1032 1492 1095 forte
1552 1047 1805 1114 tempus
1869 1030 2219 1092 rebellasse

33 1113 47 1124 ’
112 1114 440 1172 Etruscos
493 1110 764 1172 adlatum
821 1125 939 1174 est.
1022 1111 1291 1176 Subibat
1330 1111 1634 1192 cogitatio
1677 1111 1992 1186 animum,
2058 1130 2222 1193 quo·

111 1210 266 1249 nam
309 1189 501 1250 modo
542 1190 902 1251 tolerabilis
944 1191 1158 1254 futura
1199 1192 1457 1253 Etruria
1512 1193 1774 1264 fuisset,
1861 1192 1917 1252 si
1961 1191 2115 1274 quid
2152 1190 2223 1254 in

116 1269 389 1331 Samnio
433 1268 689 1332 adversi
728 1271 1050 1348 venisset3
1097 1291 1299 1352 quae,
1360 1268 1803 1351 conjuratione
1846 1272 2223 1332 Samnitium

115 1361 378 1420 erecta,
457 1349 757 1428 quoniam
822 1349 1007 1411 ambo
1065 1351 1362 1412 consules
1424 1351 1757 1436 omnisque
1798 1353 2079 1412 Romana
2116 1351 2221 1412 vis

113 1445 352 1489 'aversa
399 1426 465 1486 in
505 1429 830 1488 Samnium
875 1443 1066 1504 esset,
1152 1431 1639 1512 occupationem
1678 1431 1907 1514 populi
1947 1430 2222 1492 Romani

117 1527 248 1588 pro
300 1507 662 1580 occasione,
699 1507 1057 1570 rebellandi
1111 1509 1465 1572 habuisset.
1508 1553 1523 1567 .
1566 1513 1957 1592 Legationes
2009 1511 2221 1573 socio-

119 1607 305 1660 rum,
350 1607 387 1646 a
421 1591 507 1646 Μ.
551 1586 751 1648 Atilio
769 1601 1095 1670 spraetore
1125 1589 1206 1649 in
1249 1603 1539 1652 senatum
1579 1589 2001 1651 introductae.
2065 1610 2222 1674 que-

117 1665 454 1740 rebantur,
493 1665 598 1728 uri
645 1680 710 1727 et
745 1668 981 1728 vastari
1021 1689 1208 1751 agros
1251 1691 1287 1730 a
1328 1668 1615 1731 finitimis
1656 1671 1949 1731 Etruscis
1973 1713 1990 1743 ‚
2049 1669 2223 1750 quod

123 1743 495 1806 desciscere
555 1767 590 1804 a
631 1745 870 1840 populo
911 1751 1224 1816 Romano,
1253 1749 1533 1812 nollent:
1618 1749 2223 1834 obtestabanturque

121 1827 355 1886 Patres
401 1837 831 1905 conscriptos,
873 1839 942 1888 ut
983 1848 1056 1889 se
1099 1851 1132 1889 a
1173 1829 1241 1891 vi
1284 1845 1346 1892 at
1392 1849 1475 1890 ue
1514 1827 1751 1908 injuria
1794 1829 2241 1904 communium¹

121 1903 408 1964 hostium
449 1917 823 1966 tutarentur.
907 1909 1313 1988 Responsum
1380 1910 1603 1990 egatis‚
1652 1929 1829 1969 curas
1850 1909 2081 1968 senatui
2100 1912 2225 1984 fic.-

125 1993 360 2052 turum,
427 2004 502 2044 ne
551 1986 742 2044 socios
772 1985 938 2055 fidei
987 2007 1147 2047 suae·
1169 1991 1531 2066 poeniteret.-
1598 1990 1987 2048 Etruscorum
2038 2009 2219 2067 prope

125 2065 289 2122 diem
327 2065 602 2123 eamdem
623 2067 981 2142 sor-tunam,
1041 2087 1216 2145 quam
1255 2070 1650 2139 Samnitium,
1690 2071 1857 2146 sore.
1942 2068 2217 2151 Segnius

123 2157 362 2216 tamen,
445 2143 618 2226 quod
656 2143 738 2205 ad
777 2146 1096 2206 Etruriam
1139 2145 1482 2221 adtinebat,
1567 2162 1701 2210 acta
1742 2167 1851 2208 res
1892 2160 2104 2220 esset,
2148 2147 2220 2208 ni

132 2222 422 2284 Faliscos
465 2239 740 2306 qunque,
827 2226 936 2308 qui
979 2247 1100 2308 per
1139 2229 1372 2291 multos
1412 2249 1613 2290 annos
1652 2228 1719 2286 in
1762 2227 2038 2289 amicitia
2078 2227 2221 2290 fue-

93 2314 290 2374 ·rant‚
333 2301 604 2363 adlatum
645 2301 839 2378 foret,
883 2309 1356 2371 armaEtruscis'
1380 2307 1688 2388 junxisse.
1730 2306 1934 2386 Hujus
1953 2305 2221 2388 propin-

129 2381 338 2465 quitas
379 2383 606 2463 populi
647 2385 818 2447 acuit
855 2403 1069 2446 curam
1107 2388 1425 2462 Patribus,
1470 2401 1541 2450 ut
1578 2387 1833 2449 fetiales
1876 2386 2221 2448 mittendos

127 2461 222 2522 ad.
247 2481 355 2523 res
400 2461 783 2543 repetendas
826 2481 1187 2528 censerent.
1274 2468 1505 2554 quibus
1563 2488 1691 2529 non
1744 2465 2017 2528 redditis
2038 2509 2054 2538 ‚
2142 2487 2225 2528 ex

131 2542 504 2626 auctoritate
545 2545 806 2604 Patrum
833 2543 1022 2624 ·jussu
1061 2549 1301 2630 populi·
1328 2549 1565 2608 bellum
1607 2546 1879 2608 Faliscis
1914 2545 2225 2609 indictum

131 2621 586 2705 estz.iussique
629 2624 926 2686 consules
969 2627 1222 2702 sortiri,
1290 2641 1437 2690 uter
1498 2648 1575 2689 ex
1616 2627 1874 2689 Samnio
1919 2627 1986 2686 in
2030 2631 2223 2687 Etru-

129 2698 290 2762 riam
332 2721 476 2762 cum
519 2704 809 2765 exercitu
849 2707 1172 2768 transiret.
1239 2711 1381 2770 Jam
1422 2707 1759 2778 Carvilius,
1802 2707 2113 2770 Volanam
2159 2716 2226 2768 et

129 2780 607 2854 Palumbinum,
693 2797 760 2846 et
796 2787 1264 2848 Herculaneum
1332 2809 1410 2850 ex
1476 2785 1867 2850 Samnitibus
1924 2777 2223 2868 ceperam

134 2859 444 2922 Volanam
486 2861 650 2927 intra
691 2883 928 2945 paucos
973 2865 1132 2941 dies,
1176 2868 1621 2930 Palumbinum
1664 2863 1927 2940 eodem,
1974 2885 2101 2948 quo
2142 2865 2225 2926 ad

129 2960 348 3001 muros
393 2944 678 3003 accessit.
761 2944 863 3006 Ad
900 2947 1373 3010 Herculaneum
1427 2948 1529 3009 bis
1591 2948 1779 3009 etiam
1822 2946 2023 3029 signis
2068 2965 2222 3007 con-

129 3019 272 3081 latis
317 3019 582 3114 ancipiti
626 3025 898 3103 proelio,
946 3039 1010 3087 et
1051 3047 1192 3086 cum
1234 3027 1476 3106 majore
1521 3049 1653 3102 sua,
1700 3048 1881 3108 quam
1920 3025 2221 3101 hostium,

130 3095 370 3177 jactum
411 3099 754 3164 dimicavit.
839 3105 1078 3168 Castris
1123 3107 1359 3170 deinde
1403 3108 1655 3190 positis,
1694 3107 2031 3168 moenibus
2071 3105 2225 3168 hos-

133 3191 258 3239 tem
301 3179 591 3245 inclusit.
653 3182 1084 3268 obpugnatum
1139 3187 1449 3269 oppidum
1503 3201 1897 3284 captumque.
1996 3191 2067 3248 In
2117 3186 2224 3247 his

133 3258 340 3321 tribus
383 3259 653 3322 urbibus
697 3278 878 3346 capta
918 3277 1022 3326 aut
1063 3287 1246 3329 caesa
1282 3267 1361 3328 ad
1384 3269 1607 3330 decem
1632 3267 1831 3328 millia
1858 3267 2226 3330 hominum=

133 3335 220 3397 ita
261 3352 334 3432 ut
369 3359 571 3420 parvo
615 3340 948 3406 admodum
997 3346 1218 3428 plures
1274 3363 1683 3430 caperentur.
1790 3346 2225 3411 sortientibus

129 3419 498 3496 provincias
540 3423 934 3498 consulibus,
978 3427 1239 3489 Etruria
1282 3429 1565 3492 Carvilio
1608 3427 1831 3492 evenit
1870 3427 2225 3489 secundum

131 3511 272 3558 vota
313 3499 611 3573 militum,
657 3504 764 3598 qui
807 3507 938 3566 vim
979 3506 1252 3602 frigoris
1290 3507 1415 3586 jam
1454 3507 1523 3568 in
1568 3507 1828 3570 Samnio
1868 3529 2000 3569 non
2019 3506 2225 3590 patie-

135 3575 381 3639 bantur.
463 3581 732 3662 Papirio
773 3585 854 3646 ad
897 3588 1247 3668 Saepinum
1288 3587 1493 3667 major
1542 3586 1641 3650 vis
1692 3588 1972 3650 hostium
2030 3587 2227 3649 resti·

129 3655 208 3717 tit
237 3655 326 3733 *).
370 3678 480 3720 sae
529 3681 565 3722 e
607 3660 678 3724 in
717 3664 878 3736 acie,
924 3687 1116 3750 saepe
1157 3669 1224 3727 in
1266 3668 1543 3750 agmine,
1586 3687 1780 3748 saepe
1818 3668 1989 3730 circa
2018 3666 2233 3748 ipsam·

125 3735 354 3799 urbem
413 3761 450 3801 a
497 3761 720 3804 versus
783 3748 1154 3827 eruptiones
1213 3749 1496 3810 hostium
1549 3758 1929 3832 pugnatum:
2012 3768 2225 3830 neque

127 3815 406 3892 ⁰bssfflios
451 3839 664 3904 neque
705 3823 944 3888 bellum
1005 3848 1083 3891 ex
1139 3847 1346 3914 aequo
1406 3843 1585 3892 eratz
1668 3847 1798 3892 non
1860 3827 2032 3888 enim
2082 3834 2224 3888 mu·

187 3985 246 4052 ⁰)
277 3993 466 4042 ructet&
499 3988 672 4051 Gron.
727 3993 883 4053 Crev.
