2534 4309
310 136 447 211 156
658 142 716 209 L
762 160 787 209 1
838 96 1069 245 sen
1135 116 1270 207 III.
1369 142 1426 207 C
1477 59 1522 205 i
1573 160 1627 208 r.
1709 104 1826 227 5·}.
1881 133 1998 207 58.

301 318 396 391 tio
440 326 685 399 Sabini,
724 326 993 393 Valerio
1034 322 1247 409 Aequi
1289 320 1643 411 Volscique
1685 340 1986 389 evenere.
2069 320 2288 417 Quum
2322 322 2402 388 ad

304 430 380 471 ea
420 410 591 471 bella
635 408 955 473 delectum
994 408 1371 481 edixissent,
1423 408 1644 470 favore
1684 407 1896 490 plebis
1939 428 2068 469 non
2109 408 2402 490 juniores

300 488 525 563 mod0‚
572 489 689 551 sed
729 486 1018 553 emeritis
1060 490 1251 552 etiam
1295 488 1662 569 stipendiis,
1715 509 1866 569 pars
1907 508 2132 570 magna
2175 488 2404 551 volun-

302 570 636 643 tariorum,
682 568 762 631 ad
800 570 1059 631 nomina
1102 568 1310 629 danda
1350 583 1610 651 praesto
1651 568 1860 630 fuere.
1907 584 2118 651 eoque
2139 590 2271 630 non
2295 588 2408 630 co·

302 651 413 749 pia
455 652 670 725 modo,
714 648 833 715 sed
871 668 1115 734 genere
1158 650 1350 711 etiam
1392 650 1685 724 militum,
1731 652 2052 711 veteranis
2081 647 2401 721 admixtis,

303 728 553 792 tirmior
594 728 913 794 exercitus
954 732 1099 792 fuit.
1183 730 1568 813 Priusquam
1608 724 1846 791 Urbem
1905 729 2401 813 egrederentur,

302 812 485 907 leges
530 810 1027 885 decemvirales,
1086 808 1317 894 quibus
1362 811 1568 870 tabulis
1629 810 1944 870 duodecim
1997 824 2098 872 est
2143 830 2402 883 nomen,

192 902 197 905 '
304 914 373 953 ιιι
394 913 503 955 aes
532 890 764 953 incisas
786 892 854 953 in
880 888 1137 975 publico
1160 904 1659 973 proposuerunt.
1708 888 1892 965 Sunt,
1939 889 2058 973 qui·
2089 890 2271 971 jussu
2287 890 2406 952 tri-

301 971 623 1036 hunorum
665 973 909 1034 aediles
953 972 1205 1034 functos
1250 993 1331 1033 eo
1373 972 1737 1033 ministerio
1779 968 2080 1033 scribant.

448 1053 688 1115 LVIII.
772 1056 841 1127 C.
857 1048 1179 1127 Claudius,
1224 1054 1357 1149 qui,
1401 1069 1672 1133 perosus
1718 1046 2229 1115 decemvirorum
2265 1068 2410 1123 sce„-

300 1130 461 1207 lera,
508 1146 574 1195 et
612 1144 757 1194 ante
802 1152 1024 1195 omnes
1066 1133 1286 1195 fratrls
1330 1132 1450 1195 filii
1503 1132 1850 1213 superbiae
1907 1130 2214 1206 infestus,
2274 1134 2409 1193 Re-

304 1215 551 1298 gillum,
596 1214 917 1298 antiquam
958 1214 1029 1273 in
1069 1216 1357 1296 patriam,
1403 1234 1476 1274 se
1519 1212 1906 1292 contulerat)
1951 1213 2007 1274 is
2029 1232 2262 1293 magno
2282 1211 2410 1291 jam

302 1310 477 1368 natu,
525 1314 719 1377 quum
760 1294 839 1355 ad
880 1294 1169 1375 pericula
1213 1294 1354 1373 ejus
1399 1292 1801 1377 deprecanda
1839 1292 2159 1368 redisset,
2225 1291 2408 1373 cujus

302 1373 460 1439 vitia
502 1376 777 1456 fugerat,
823 1373 1185 1440 sordidatus
1230 1397 1372 1439 cum
1415 1371 1762 1457 gentilibus
1823 1370 2297 1457 clientibusque
2342 1374 2414 1433 in

302 1454 453 1518 foro
497 1456 843 1537 prensabat
882 1456 1169 1535 singulos
1184 1466 1213 1533 ς’
1294 1456 1676 1539 orabatque,
1758 1454 1856 1515 Ne
1911 1453 2194 1515 Cbudiae
2243 1452 2415 1532 genti

300 1556 437 1596 eam
476 1534 729 1597 inustam
768 1537 1058 1595 maculam
1099 1538 1321 1606 vellent,
1367 1548 1430 1596 ut
1471 1556 1700 1597 carcere
1741 1545 1798 1594 et
1835 1532 2078 1595 vinculis
2135 1532 2414 1596 viderem·-

306 1626 406 1675 ιω·
444 1614 656 1694 digni:
698 1612 911 1687 virum,
957 1617 1434 1677 honoratissimae
1473 1614 1749 1695 imaginis
1767 1618 2055 1693 futurum
2093 1616 2178 1674 ad
2213 1625 2414 1695 poste-

304 1696 421 1767 ros,
463 1696 657 1775 legum
697 1696 943 1756 latorem
980 1696 1452 1776 conditoremque
1481 1694 1752 1761 ,Romani
1777 1696 1949 1772 juris,
2011 1699 2204 1773 jacere
2243 1694 2413 1755 virw-

306 1784 435 1835 tum
477 1776 629 1835 inter
648 1776 825 1853 fures
864 1787 1176 1837 nocturnos
1210 1798 1283 1836 ac
1336 1778 1601 1837 latrones.
1683 1774 2026 1837 Avertere-nt
2057 1776 2136 1842 ab
2178 1774 2272 1834 ira
2297 1795 2414 1853 pc-

306 1876 549 1935 ramper
606 1858 690 1914 ad
739 1855 1133 1935 cognitionem
1182 1855 1707 1935 cogitationemque
1755 1856 1982 1916 animos
2003 1883 2019 1913 .·
2104 1863 2162 1914 et
2215 1854 2414 1933 potius

310 1954 494 1995 unum
534 1946 623 1995 tot
664 1935 927 1997 Claudiis
966 1936 1404 2017 deprecantibus
1443 1938 1844 1997 condonarent
1858 1977 1876 2011 ‚
1957 1954 2132 2012 quam
2169 1946 2414 2015 propter

310 2017 480 2077 unius
520 2014 727 2075 odium
766 2018 1088 2077 multorum
1126 2038 1320 2096 preces
1357 2019 1866 2097 adspernarentur.
1947 2016 2026 2075 Se
2081 2034 2306 2095 quoque
2345 2016 2412 2074 id

304 2096 513 2175 generi
548 2117 619 2155 ac
635 2094 889 2156 'nomini
926 2100 1089 2169 dare,
1132 2118 1237 2156 nec
1275 2116 1416 2157 cum
1451 2118 1517 2157 eo
1560 2096 1624 2155 in
1659 2095 1922 2175 gratiam
1961 2094 2204 2167 redisse,
2248 2101 2413 2172 cujus

200 2244 207 2250 .
306 2178 582 2236 miversae
602 2178 891 2253 fortunae
930 2178 1063 2237 velit
1092 2178 1459 2239 subcursum.
1547 2176 1606 2235 V
1601 2176 1778 2237 irtute
1815 2176 2136 2236 libertatem
2168 2196 2414 2255 recupe-

310 2268 505 2318 ratam
560 2278 673 2316 esse
687 2283 703 2315 =
779 2258 1080 2317 clementia
1148 2256 1542 2319 concordiam*
1591 2255 1874 2317 ordinum
1921 2256 2174 2316 stabiliri
2228 2277 2408 2337 posse.

308 2340 533 2411 Erant,
628 2356 741 2397 uos
784 2348 1075 2402 moveret
1117 2357 1226 2399 sua
1270 2339 1481 2433 magis·
1515 2334 1790 2419 pietate,
1837 2358 2022 2430 quam
2063 2334 2261 2431 ejus‚·
2286 2357 2416 2418 pro

312 2440 442 2502 quo
486 2437 603 2499 age
653 2428 735 2490 at,
782 2437 1023 2480 caussa.
1070 2414 1186 2479 sed
1224 2418 1562 2502 Virginius
1585 2448 1610 2491 ‚·
1677 2417 1773 2477 sui
1823 2428 2014 2497 potius
2043 2426 2132 2477 ·ut
2173 2439 2418 2477 mzsere-

310 2509 533 2569 rentur,
616 2496 859 2571 orabat,
923 2497 1205 2577 filiaeque
1227 2525 1243 2557 ε
1329 2522 1434 2560 nec
1467 2497 1658 2577 gentis
1700 2498 2000 2569 Claudiae,
2027 2512 2038 2517 “
2061 2518 2309 2575 regnum
2353 2498 2416 2559 in

309 2580 531 2659 plebem
568 2576 805 2638 sortitae
820 2621 837 2653 ‚
908 2580 1011 2639 sed
1062 2578 1514 2641 necessariorum
1560 2577 1864 2655 Virginiae
1902 2588 1960 2636 et
1999 2579 2180 2637 trium
2221 2576 2415 2637 tribu-

310 2680 527 2719 norum
564 2679 759 2739 preces
796 2657 1104 2735 audirent:
1146 2659 1247 2736 qui
1254 2700 1278 2731 ,
1339 2660 1422 2719 ad
1459 2657 1751 2719 auxilium
1790 2656 1966 2737 plebis
2005 2656 2225 2728 creati,
2303 2656 2421 2737 ipsi

310 2738 489 2820 plebis
507 2738 707 2809 fidem
745 2750 916 2818 atque
953 2737 1243 2799 auxilium
1285 2739 1663 2821 inplorarent.
1763 2740 1802 2799 J
1807 2738 2080 2805 ustiores
2138 2736 2262 2799 hae
2323 2739 2414 2797 la-

313 2820 549 2883 crimae
608 2816 1012 2881 videbantur.
1072 2818 1327 2903 itaque,
1391 2840 1508 2915 spe
1552 2818 1774 2893 incisa,
1843 2818 2216 2912 priusquam
2303 2840 2414 2879 ro-

316 2898 487 2962 dicta
530 2898 668 2961 dies
714 2898 991 2973 adesset,
1035 2900 1287 2981 Appius
1331 2900 1459 2964 sibi
1496 2904 1768 2962 mortem
1809 2912 2143 2971 conscivit.
2297 2898 2416 2959 ub·
2524 2968 2525 2975 ἵ

314 2980 466 3041 inde
510 2994 803 3061 arreptus
848 3005 881 3043 a
922 2984 999 3043 P.
1042 2981 1409 3043 Numitorio
1453 2980 1566 3063 Sp.
1615 2979 1894 3073 Oppius,
1937 2980 2269 3061 proximus
2315 2980 2416 3039 in-

312 3061 560 3134 vidiae,
620 3062 793 3201 guod
836 3062 905 3122 in
944 3058 1120 3125 Urbe
1162 3063 1412 3135 suerat,
1470 3082 1662 3146 quum
1703 3074 1977 3141 injustae
2017 3058 2338 3123 vindiciae
2381 3070 2447 3120 a'
2524 3074 2525 3131 ]

315 3142 562 3223 collega
666 3140 1015 3205 icerentur.
1134 3143 1293 3205 Plus
1370 3157 1580 3204 tamen
1640 3141 1806 3203 facta
1877 3139 2112 3219 injuria
2167 3138 2416 3222 Oppio,

316 3242 506 3305 quam
546 3242 679 3282 non
718 3221 1069 3303 prohibita,
1114 3220 1395 3286 invidiae
1425 3223 1604 3285 fecit.
1645 3222 1830 3283 testis
1865 3220 2234 3301 productus,
2281 3221 2416 3304 qui,
2523 3218 2525 3227 ‘

317 3314 567 3382 septem
612 3316 675 3363 et
716 3302 946 3386 viginti
988 3305 1376 3374 enumeratis
1419 3301 1794 3384 stipendiis,
1841 3299 2044 3363 octies
2088 3314 2266 3362 extra
2311 3323 2419 3362 or-

320 3378 537 3475 dinem
577 3382 866 3456 donatus,
914 3382 1079 3445 dona
1126 3406 1206 3447 ue
1252 3402 1325 3454 ea
1361 3402 1604 3468 gerens
1647 3383 1714 3477 in
1762 3395 2114 3476 conspectu
2165 3382 2418 3476 populi,

320 3482 521 3523 scissa
582 3475 763 3525 veste
812 3478 1072 3557 tergum
1139 3476 1459 3527 aceratum
1501 3464 1705 3546 virgls
1742 3462 2062 3536 ostenda,
2143 3462 2420 3523 nihilum

320 3538 699 3636 deprecans,
784 3566 958 3622 quuv,
1038 3546 1093 3604 si
1106 3546 1308 3625 'quam
1343 3566 1511 3609 suam
1547 3564 1766 3605 noxam
1808 3560 1940 3603 reus
1981 3543 2178 3602 dicere
2213 3552 2420 3622 posset,
2524 3548 2525 3583 ῑ

317 3632 581 3717 privatus
620 3622 835 3683 iterum
872 3625 937 3685 in
972 3646 1031 3684 se
1067 3627 1330 3687 saeviret.
1427 3623 1682 3706 Oppius
1747 3645 1875 3707 quo
1971 3644 2006 3685 e
2066 3620 2293 3683 ductus
2353 3622 2422 3688 in
2523 3646 2525 3689 :

318 3704 573 3766 vincula
614 3716 749 3775 est,
825 3719 890 3767 et
946 3720 1091 3769 ante
1149 3705 1374 3786 judicii
1431 3706 1600 3768 diem
1655 3702 1846 3766 finem
1891 3726 1914 3766 1
1963 3701 1986 3765 i
2028 3703 2199 3765 vitae
2241 3702 2421 3765 fecit.

318 3785 501 3845 Bona
554 3784 803 3847 Claudii
865 3786 1197 3872 Oppiique
1251 3786 1498 3849 tribuni
1569 3784 2006 3867 publicavere.
2117 3784 2424 3867 Collegae
2523 3782 2525 3861 ᾗ

321 3882 549 3925 eorum
600 3866 813 3927 exsilii
862 3888 1083 3929 caussa
1144 3870 1351 3933 solum
1408 3879 1762 3929 verterunt.
1859 3868 2041 3927 Bona
2097 3862 2422 3945 publicata
2524 3868 2525 3877 ²

322 3958 489 4006 sunt.
532 3958 609 4039 et·
640 3951 726 4008 M.
774 3947 1092 4021 Claudius,
1140 3948 1435 4011 adsertor
1479 3948 1835 4028 virginiae,
1885 3946 1992 4007 die
2033 3945 2203 4007 dicta
2249 3944 2424 4006 dam-
