2534 4309
320 158 443 203 112
626 225 632 229 ἡ
702 106 915 202 L'1n
970 154 1009 201 r
1058 152 1130 200 ιι.
1232 134 1357 199 111.
1459 136 1513 201 (3
1563 158 1602 200 ,ι
1655 156 1714 201 P.
1815 133 2009 209 5.·4.

466 327 573 387 111.
652 322 909 395 Relicto
963 322 1177 407 itaque
1238 321 1462 383 castris
1501 320 1862 403 praesidio,
1927 322 2176 405 egressi
2215 334 2422 385 tanto·

311 427 455 470 cum
492 405 763 468 tumultu
804 402 1095 465 invasere
1138 400 1300 463 fines
1343 404 1686 475 Romanos,
1733 416 1804 464 ut
1840 400 1922 465 ad
1959 404 2186 470 urbem
2231 426 2396 487 quo-

310 506 439 571 ‚que
496 499 815 547 terrorem
870 482 1275 565 pertulerint.
1358 486 1496 545 Nec
1548 484 1802 566 opinata
1853 484 2046 545 etiam
2095 506 2204 547 res
2246 486 2400 567 plus

312 563 765 648 trepidationis
806 562 987 637 fecit,
1032 560 1205 647 quod
1244 561 1410 623 nihil
1449 562 1678 638 minus,
1723 585 1908 647 quam
1948 585 2031 626 ne
2073 565 2276 626 victus
2319 584 2400 626 ac

306 668 523 729 prope
564 646 632 709 in
672 644 893 707 castris
936 642 1243 705 obsessus
1281 641 1486 705 hostis
1527 664 1773 705 memor
1813 644 2248 725 populationis
2289 664 2400 705 es-

310 742 435 801 set,
478 725 690 788 timeri
730 735 987 805 poterat
1004 744 1025 802 3
1078 724 1536 807 agrestesque,
1580 723 1799 807 pavidi
1842 723 2200 787 incidentes
2240 744 2402 805 por·-

312 806 434 881 tis,
492 827 625 868 non
679 804 1192 885 populationem,
1254 821 1376 865 nec
1427 803 1822 885 praedonum
1873 826 2099 885 parvas
2149 824 2400 879 manus,

313 886 467 961 sed,
514 886 727 948 omnia
764 906 929 961 vano
970 896 1276 977 augentes
1317 883 1546 945 timore
1570 926 1587 957 ‚
1632 885 1950 946 exercitus
1995 898 2062 947 et
2100 885 2406 967 legiones

312 968 541 1031 adesse
581 965 898 1037 hostium,
944 976 1009 1025 et
1048 963 1286 1025 infesto
1325 986 1360 1023 a
1407 964 1580 1025 mine
1621 984 1814 1026 ruere
1855 964 1938 1025 ad
1975 965 2221 1039 urbem,
2263 966 2404 1027 cla·

315 1047 589 1109 mabant.
668 1044 769 1107 Ab
810 1044 912 1107 his
952 1043 1233 1124 proximi
1273 1062 1354 1105 au
1399 1044 1485 1105 ita
1524 1044 1804 1119 incerta,
1863 1066 2072 1129 eoque
2111 1045 2402 1119 vaniora,

258 1160 270 1179 x
313 1128 488 1191 ferre
542 1124 622 1187 ad
686 1125 872 1187 alios.
927 1143 1147 1205 cursus
1198 1124 1596 1208 ‚clamorque
1666 1126 2030 1187 vocantium
2095 1124 2176 1186 ad
2225 1146 2405 1187 anna

312 1206 483 1269 haud
536 1206 801 1267 multum
860 1226 895 1264 a
934 1222 1175 1287 pavore
1235 1224 1308 1265 ca
1355 1218 1458 1266 tae
1511 1204 1691 1265 urbis
1745 1204 1995 1269 abesse.
2078 1208 2274 1268 Forte
2319 1205 2408 1267 ab

315 1286 550 1370 Algido
593 1284 931 1381 Quinctius
974 1284 1197 1347 consul
1236 1306 1310 1347 re
1351 1286 1521 1347 ierat
1559 1288 1854 1359 Romam,
1909 1284 2008 1362 (id
2048 1284 2410 1347 remedium

311 1368 528 1431 timori
588 1362 745 1439 suit)
802 1364 1201 1448 tumultuque
1242 1364 1498 1439 sedato,
1539 1366 1758 1429 -victos
1804 1365 2016 1427 timeri
2059 1367 2408 1447 increpans

312 1448 567 1521 hostes,
626 1444 948 1527 praesidia
1000 1444 1209 1526 portis
1264 1445 1573 1526 inposuit.
1654 1446 1902 1509 Vocato
1959 1445 2112 1507 dein
2153 1460 2406 1519 senatu,

316 1550 544 1612 quum,
606 1547 686 1587 ex
726 1524 1103 1585 auctoritate
1145 1527 1408 1585 Patrum
1447 1524 1697 1603 justitio
1740 1526 2018 1600 indicto,
2062 1526 2406 1609 profectus

316 1606 399 1669 ad
438 1606 735 1670 tutandos
776 1602 937 1667 fines
982 1618 1186 1678 essct,
1250 1606 1332 1700 Q.
1380 1604 1658 1668 Servilio
1699 1606 2030 1688 praefecto
2075 1606 2254 1667 urbis
2293 1628 2408 1669 re·

313 1689 493 1761 licto,
536 1686 792 1746 hostem
833 1684 904 1744 in
944 1684 1117 1767 agris
1157 1684 1223 1759 *)
1265 1706 1398 1747 non
1440 1685 1707 1748 invenit.
1751 1684 1850 1747 Ab
1893 1687 2097 1747 altero
2139 1688 2414 1755 consule

316 1788 427 1831 res
470 1780 645 1851 gesta
700 1762 965 1846 egregie
1008 1774 1125 1826 est.
1169 1764 1317 1849 qui,
1379 1785 1502 1849 qua
1553 1780 1888 1828 venturum
1945 1767 2196 1829 hostem
2233 1767 2412 1829 scie-

316 1846 461 1922 bat,
492 1866 751 1929 gravem
784 1842 1052 1927 praeda,
1109 1864 1318 1928 eoque
1357 1828 1752 1927 inpeditiore
1797 1846 2047 1931 agmine
2097 1846 2415 1911 inceden-

318 1943 451 1989 tem
507 1926 885 2007 adgressus,
944 1924 1260 1988 funestam
1316 1926 1378 1987 ei
1434 1927 1918 2009 populationem
1974 1926 2154 1989 fecit.
2217 1927 2416 2009 pauci

320 2006 605 2071 hostium
656 2024 919 2068 evasere
961 2026 1041 2067 ex
1084 2004 1383 2069 insidiis:
1485 2004 1679 2068 raeda
1723 2007 1930 2068 omnis
1983 2020 2246 2088 recepta
2287 2020 2416 2068 est.

324 2088 437 2150 sic'
461 2085 655 2149 finem
692 2084 966 2179 justitie,
1014 2084 1185 2168 quod
1224 2086 1436 2168 quatri
1483 2106 1632 2147 uum
1674 2086 1833 2161 fuit,
1877 2084 2124 2169 reditus
2167 2087 2419 2174 Quinc-

322 2168 402 2231 tii
461 2168 743 2231 consulis
799 2166 867 2226 in
923 2165 1149 2226 urbem
1210 2162 1388 2227 fecit.
1470 2168 1716 2228 Census
1772 2165 2008 2227 deinde
2057 2178 2272 2238 actus,
2349 2182 2424 2230 et

326 2248 654 2311 conditum
738 2246 817 2306 ab
884 2245 1191 2337 Quinctio
1245 2244 1534 2309 lustrum.
1634 2248 1842 2309 Censa
1904 2246 2138 2308 civium
2203 2248 2422 2329 capita

328 2342 584 2391 centum
622 2339 895 2409 quatuor
923 2325 1123 2385 millia
1164 2338 1229 2387 et
1269 2326 1540 2389 ducenta
1569 2324 2048 2424 quatuordecim
2093 2326 2420 2403 dicuntur,

326 2422 591 2491 praetor
632 2406 827 2469 orbos
870 2405 1211 2489 orbaeque.
1295 2410 1364 2467 ln
1407 2409 1650 2490 Aequis
1692 2406 1854 2467 nihil
1895 2405 2132 2467 deinde
2169 2428 2420 2469 memo-

328 2486 533 2549 rabile
573 2502 797 2549 actum.
880 2489 953 2546 In
996 2484 1231 2567 oppida
1277 2510 1386 2549 sua
1429 2508 1499 2550 se
1541 2506 1884 2581 recepere,
1917 2487 2020 2548 uri
2061 2508 2174 2548 sua
2208 2508 2424 2569 popu..

327 2568 576 2652 lai-ique
618 2567 810 2649 passi.
894 2567 1164 2641 Consul,
1210 2586 1403 2663 quum
1443 2567 1786 2649 aliquoties
1813 2588 1932 2648 per
1973 2588 2222 2629 omnem
2261 2568 2424 2633 hos-

332 2650 492 2711 tium
549 2668 769 2731 agrum
811 2646 1049 2707 infesto
1088 2668 1340 2729 agmine
1389 2647 1880 2730 populabundus
1911 2648 2088 2721 isset,
2131 2669 2276 2711 cum
2317 2650 2430 2713 in·

334 2729 514 2812 genti
554 2728 741 2789 laude
782 2726 1147 2809 praedaque
1189 2732 1453 2790 Romam
1493 2728 1709 2790 rediit.
1831 2752 1837 2758 ·

374 2824 447 2882 U,
484 2842 529 2873 c.
569 2842 594 2875 2
632 2838 685 2879 ο,
957 2808 1067 2869 IV.
1149 2808 1463 2871 Consules
1495 2808 1648 2870 inde
1690 2808 1766 2870 A.
1795 2807 2159 2871 Postumius
2189 2806 2420 2883 Albas,

376 2911 425 2949 a.
466 2890 527 2945 C.
566 2840 687 2951 432.
797 2886 910 2968 Sp.
952 2887 1187 2950 Furius
1228 2888 1460 2950 Fusus.
1539 2889 1775 2951 Furios
1816 2887 2050 2949 Fusios
2093 2888 2430 2967 scripsere

336 2966 611 3052 quidam.
656 2965 725 3028 id
762 2964 1099 3041 admoneo,
1140 2988 1224 3029 ne
1248 2968 1394 3053 quis
1431 2967 1904 3032 inmutationem
1936 2968 2216 3031 virorum
2245 2968 2430 3049 ipso-
2495 3040 2508 3050 ,

333 3070 478 3109 rum
520 3066 687 3122 esse,
732 3066 893 3129 quae
937 3047 1261 3109 nominum
1304 3064 1424 3123 est,
1469 3062 1670 3131 putet.
1725 3046 1916 3109 Haud
1955 3046 2214 3109 dubium
2257 3062 2428 3121 erat,

382 3127 494 3188 uin
537 3147 679 3188 cum
718 3126 961 3210 Aequis
1004 3128 1169 3189 alter
1210 3130 1544 3191 consulum
1567 3129 1822 3191 *bellum
1865 3140 2142 3210 gereret.
2200 3132 2432 3212 Itaque

334 3150 546 3291 Requi
588 3206 665 3267 ab
706 3207 1050 3269 Ecetranis
1082 3208 1340 3271 Volscis
1383 3208 1773 3291 praesidium
1813 3209 2087 3290 petiere.
2143 3228 2268 3291 quo
2311 3223 2431 3270 cu-

334 3288 493 3371 pide
530 3285 807 3361 .oblato,
865 3286 1058 3361 (adeo
1100 3288 1390 3350 civitates
1446 3289 1569 3352 hae
1621 3302 1937 3370 perpetuo
1991 3288 2060 3347 in
2099 3290 2436 3350 Romanos

336 3367 491 3431 odio
545 3364 905 3445 certavere)
962 3367 1203 3437 bellum
1262 3390 1502 3432 summa
1557 3369 1622 3433 vi
1679 3369 2041 3451 parabatur.
2124 3368 2438 3431 Sentiunt

334 3446 643 3521 Hernici,
701 3460 767 3508 et
806 3448 1191 3528 praedicunt
1226 3450 1568 3523 Romanis,
1615 3453 2000 3511 Ecetranum
2039 3445 2119 3508 ad
2161 3449 2434 3531 Aequos

332 3528 645 3592 descisse.
708 3543 1007 3609 suspecta
1058 3542 1125 3591 et
1182 3530 1434 3591 colonia
1477 3530 1738 3591 Antium
1777 3527 1932 3604 fuit,
1991 3524 2166 3611 quod
2201 3548 2438 3611 magna

336 3610 434 3671 vis
475 3606 803 3670 hominum
845 3606 1021 3683 inde,
1066 3628 1256 3692 quum
1301 3630 1340 3670 o
1389 3610 1609 3692 pidum
1649 3630 1719 3671 ca
1767 3620 1898 3671 tum
1941 3622 2151 3681 esset,
2195 3627 2438 3671 consu-

336 3690 539 3770 gisset
580 3685 659 3747 ad
698 3688 982 3769 Aequos.
1030 3688 1217 3771 isq‘ue
1256 3630 1442 3751 miles
1470 3710 1606 3771 per
1644 3688 1886 3751 belum
1925 3690 2022 3751 Ae
2069 3688 2281 3751 uicum
2323 3692 2440 3751 vel

337 3767 687 3829 acerrimus
726 3766 875 3829 fui&
956 3770 1318 3852 compulsis
1361 3768 1600 3833 deinde
1641 3772 1712 3833 iu
1753 3768 1992 3851 oppida
2093 3768 2307 3854 equis,
2355 3790 2440 3832 ea

404 3934 461 3997 ⁵)
494 3952 622 4003 agro
657 3932 829 4013 (ξι-ου.
866 3932 1017 3988 Crev.

2530 453 2534 520 ἰ
