2534 4309
292 114 329 146 „
394 154 455 221 L
502 96 619 223 (Β
666 174 711 223 Ε
756 172 809 223 n
872 154 995 222 111.
1098 154 1155 223 C
1204 180 1249 223 A
1302 176 1358 225 ι».
1443 148 1564 225 58.
1619 152 1732 243 59.
1787 154 1904 225 60.
2061 152 2202 245 ⁸59
2263 189 2304 217 .-

90 354 313 413 natus‚
359 338 507 421 ipso
544 340 918 404 remittente
958 338 1266 427 Virginis
1308 343 1592 405 ultimam
1635 362 1931 425 poenam,
1967 336 2210 411 dimin..

87 442 199 484 sus
244 420 459 481 Tibur
500 423 847 495 exsulatum
890 420 1085 485 abiitx
1128 430 1482 509 Manesque
1510 424 1868 507 Virginiae,
1911 444 2200 492 mortuae

88 522 281 583 quam
320 502 507 565 vivae
548 501 888 577 felicioris,
930 524 1055 585 per
1096 514 1190 567 tot
1225 505 1450 568 domos
1493 505 1574 565 ad
1594 506 1912 586 petendas
1949 531 2198 590 poenas

86 580 321 664 vagati,
368 578 549 643 nullo
589 583 825 645 relicto
867 597 1053 645 sonte
1094 584 1800 669 tandem·quieverunt.
2295 652 2300 661 ,

246 664 418 724 LIX.
498 665 733 745 Ingens
764 679 971 726 metus
1015 665 1370 729 incesserat
1403 672 1650 739 Patres,
1693 668 2031 762 vultusque
2071 667 2200 748 jam

86 741 293 804 iidem
362 742 771 806 tribunorum
810 750 1047 819 erant,
1135 746 1245 830 qui
1295 746 1842 810 .decemvirorum
1915 754 2191 827 inerant,

84 845 289 907 quum
348 828 439 885 Μ.
493 824 751 886 Duilius
806 826 1101 889 tribunus
1162 827 1414 909 plebis,
1507 827 1785 889 inhibito
1849 829 2204 893 salubriter

81 902 281 965 modo
333 903 569 966 nimiae
624 908 997 999 potestatis,
1058 908 1141 966 Et
1178 907 1488 981 libertatis,
1549 908 1816 991 inquit,'
1852 920 2081 970 nostrae
2133 920 2194 970 et

80 1004 413 1063 poenarum
451 1006 527 1045 ex
566 986 819 1047 immicis
840 986 977 1046 satis
1016 1000 1113 1047 est.
1158 985 1350 1066 itaque
1391 990 1503 1049 hoc
1539 1010 1694 1051 anno
1724 1008 1828 1051 nec
1865 990 2024 1049 diem
2057 988 2194 1051 'dica'

83 1066 381 1143 cuiqtmm,
422 1086 529 1126 nec
568 1066 632 1125 in
656 1066 888 1127 vincula
929 1068 1073 1126 duci
1110 1085 1454 1145 quemquam
1491 1085 1620 1128 sum
1658 1087 1942 1148 passurus.
2025 1070 2192 1130 Nam

84 1166 265 1219 neque
308 1154 498 1205 vetera
536 1156 773 1226 peccata
812 1146 999 1225 repeti
1034 1151 1165 1223 jam
1206 1149 1510 1207 obliterata
1545 1150 1764 1228 pliwet,
1821 1166 1999 1227 quum
2038 1170 2194 1210 nova

82 1226 323 1304 expiata
372 1226 490 1285 sint
540 1224 1006 1287 decemvirorum
1044 1226 1341 1307 suppliciis
1350 1249 1378 1303 ,⁰
1433 1239 1489 1289 et
1537 1226 1692 1288 nihil
1725 1226 2046 1291 admissum
2085 1231 2186 1301 iri,

83 1308 241 1383 quod
297 1306 419 1366 vim
458 1306 835 1366 tribuniciam
873 1306 1190 1378 desideret,
1250 1312 1496 1387 spondet
1553 1320 1828 1389 perpetua
1886 1313 2190 1371 consulum

80 1388 397 1446 amborum
448 1386 513 1445 ιἰι
551 1384 813 1446 libertate
853 1397 1037 1448 vestr-a
1096 1392 1312 1452 tuenda
1349 1408 1512 1449 cura.
1595 1392 1688 1449 Ea
1731 1390 2006 1470 primum
2048 1412 2190 1453 mo-

81 1464 341 1529 deratio
384 1465 629 1527 tribuni
668 1467 1251 1531 metumPatribus
1297 1468 1565 1541 demsit‚
1621 1469 1972 1553 eademque
2013 1470 2190 1533 auxit

82 1548 419 1608 consulum
475 1546 821 1624 invidiam3
885 1546 1057 1630 quod
1112 1548 1278 1611 adeo
1317 1550 1436 1612 toti
1538 1550 1711 1631 lebis,
1743 1551 2053 1625 fuissent,
2117 1564 2192 1614 ut

81 1631 349 1689 Patrum
408 1626 629 1688 salutis
700 1627 1149 1712 libertatisque
1208 1628 1396 1711 prior
1433 1650 1476 1711 p
1507 1630 1698 1709 ebejo
1765 1630 2186 1715 magistratui,

84 1728 275 1791 quam
332 1706 641 1789 patricio,
710 1728 861 1773 cura
912 1708 1185 1787 suisset3
1250 1724 1316 1771 et
1371 1724 1517 1771 ante
1572 1711 1868 1772 inimicos
1923 1713 2190 1774 satietas

82 1808 439 1869 poenarum
490 1808 747 1851 suarum
798 1789 1116 1868 cepisset,
1180 1810 1370 1873 quam
1429 1789 1678 1853 obviam
1734 1791 1938 1853 ituros
1982 1792 2186 1856 licen-

80 1859 483 1931 tiac'eorum
516 1869 813 1931 consules
856 1862 1221 1951 adpareret.
1260 1872 1579 1954 Multique
1622 1885 1828 1945 erant,
1871 1872 1984 1956 qui
2025 1875 2186 1935 mol-

84 1950 205 2009 lius
250 1949 614 2010 consultum
653 1947 979 2023 dicerent,
1036 1950 1209 2033 quod
1248 1951 1465 2033 legum
1504 1950 1582 2010 ab
1625 1952 1706 2012 iis
1755 1953 2019 2015 latarum
2060 1958 2185 2015 Pa-

84 2044 217 2090 tres
258 2029 897 2091 auctoremfuiasent.
940 2052 1153 2125 neque
1197 2043 1336 2092 crat
1377 2028 1660 2106 dubium,
1707 2033 1888 2117 quin,
1929 2033 2188 2097 turbato

82 2109 489 2193 reipublicae
531 2114 735 2185 statu,
778 2123 1057 2193 tempori
1099 2109 1611 2173 subcubuissent.
2091 2113 2096 2121 '

238 2193 381 2251 LX.
424 2190 759 2265 Consules,
802 2191 995 2253 rebus
1038 2192 1302 2253 urbanis
1343 2193 1740 2273 compositis,
1785 2182 2184 2279 fundatoque

78 2270 293 2351 plebis
330 2267 532 2342 statu,
592 2271 661 2331 in
704 2270 1069 2352 provincias
1123 2270 1366 2333 diversi
1405 2272 1648 2334 abiere.
1729 2273 2030 2338 Valerius
2072 2274 2183 2335 ad-

76 2372 307 2413 versus
370 2351 746 2429 coniunctos
807 2350 931 2431 jam
992 2350 1059 2413 in
1112 2352 1350 2413 Alcide>
1429 2354 1746 2415 exercitus
1805 2355 2183 2438 Aequorum

76 2432 597 2515 Volscorumque
656 2432 959 2496 sustinuit
1010 2434 1191 2495 consi
1221 2434 1286 2494 io
1349 2429 1612 2511 bellum.
1676 2433 1900 2523 =Quod
1953 2435 2009 2496 si
2070 2457 2181 2496 ex-

76 2512 323 2594 templo
378 2532 517 2573 rem
576 2510 870 2575 fortunae
926 2513 1625 2590 commisissenfflaud
1675 2512 1851 2587 scio,
1915 2536 1994 2574 an
2040 2514 2180 2599 (qui

76 2607 207 2654 tum
248 2592 451 2653 animi
492 2590 571 2653 ab
614 2590 1127 2657 decemvirorum
1166 2594 1540 2656 infelicibus
1597 2595 1902 2676 auspiciis
1945 2597 2182 2657 Roma·

80 2674 176 2735 nis
216 2672 648 2757 hostibusque
691 2672 901 2751 erant)
956 2696 1055 2735 ma
1102 2694 1187 2736 no
1251 2672 1636 2737 detrimento
1691 2690 2009 2738 certamen
2051 2690 2182 2736 sta·

80 2768 293 2815 turum
328 2752 554 2815 fucrit.
636 2754 931 2827 Castris,.
968 2756 1077 2816 mil
1106 2776 1142 2815 e
1197 2774 1497 2849 passuum
1550 2754 1628 2817 ab
1681 2754 1866 2817 hoste
1923 2755 2178 2837 positis,

80 2836 298 2916 copias
343 2833 732 2895 continebat.
790 2834 1011 2897 hostes
1047 2834 1330 2896 medium
1369 2836 1542 2899 inter
1581 2836 1730 2899 bina
1790 2850 1990 2897 castra
2033 2857 2178 2917 spa-

80 2916 233 2977 tium
298 2914 443 2975 acie
519 2915 827 2977 instructa
884 2916 1328 2997 complebant:
1412 2916 2038 2999 provocantibusque
2100 2914 2181 2977 ad
2275 2932 2282 2941 ·

122 2996 403 3057 roelium
460 3014 843 3076 responsum
894 2998 1219 3059 Romanus
1274 3017 1463 3058 nemo
1515 2995 1860 3075 reddebat5
1923 2996 2180 3059 tandem

106 3076 327 3160 atigati
390 3074 655 3151 stando,
713 3097 787 3139 ac
844 3076 1278 3161 nequidquam
1336 3074 1770 3159 exspectando
1827 3091 2174 3153 certamen,

76 3156 287 3241 Aequi
328 3154 557 3221 Volsci
602 3177 719 3231 ue,
776 3171 1113 3242 postquam
1154 3177 1528 3221 concessum
1585 3156 2050 3239 propemodum
2094 3156 2176 3220 de
2249 3186 2260 3191 ·

78 3237 351 3301 victoria
404 3178 787 3310 eredgbann
847 3258 997 3319 pars
1050 3238 1119 3299 in
1158 3239 1481 3301 Hernicos
1506 3282 1523 3313 ,
1585 3260 1738 3320 pars
1787 3238 1854 3299 in
1908 3238 2175 3301 Latinos

76 3318 451 3398 praedatum
492 3316 749 3380 abeunt.
789 3318 1206 3402 Relinquitur
1245 3319 1450 3401 magis
1490 3319 1716 3381 castris
1755 3318 2172 3401 praesidium,

76 3420 277 3481 quam,
302 3398 459 3461 satis
510 3396 749 3461 virium
788 3398 873 3460 sd
911 3414 1257 3463 certamen.
1323 3398 1493 3496 quod
1533 3399 1644 3465 ubi
1685 3399 1906 3462 con‘sul
1950 3401 2174 3477 sensit,

76 3478 295 3541 reddit
348 3478 619 3541 inlatum
668 3493 853 3543 antea
912 3493 1231 3542 terrorem
1252 3526 1270 3555 ‚
1335 3494 1637 3543 instructa
1689 3502 1770 3541 ue
1823 3480 1962 3541 acie
2003 3482 2176 3543 ultro

75 3558 323 3621 hostem
368 3560 657 3621 lacessit.·
687 3560 815 3622 Ubi
856 3560 976 3634 illi,
1022 3562 1414 3623 conscientia
1447 3560 1602 3643 quid
1641 3584 1672 3622 a
1724 3574 1894 3623 esset
1923 3561 2173 3635 virium,

80 3638 519 3703 detractavere
610 3664 651 3702 u
696 3662 877 3715 nam,
942 3642 1148 3719 creuit
1190 3645 1513 3723 extemplo
1556 3642 1859 3706 Romanis
1903 3642 2173 3716 animus,

80 3735 140 3783 et
176 3742 301 3802 pro
340 3662 615 3783 victisz
702 3722 895 3783 ebant
936 3738 1239 3802 paventes
1283 3724 1447 3784 intra
1491 3724 1741 3785 vallum.
1802 3720 2012 3810 Quum
2051 3742 2177 3803 per

79 3816 273 3864 totum
314 3800 865 3866 diem.stetissent
905 3802 1137 3866 intenti
1177 3802 1257 3864 ad
1301 3817 1622 3867 certamen
1645 3846 1664 3879 ‚
1727 3804 1900 3865 noc'ti
1931 3800 1992 3875 ¹¹¹³)
2033 3822 2174 3865 ces-

140 3973 195 4037 ⁵)
227 3986 377 4027 noete
407 3970 587 4032 Gran.
