2534 4309
199 355 238 389 ν
307 358 410 409 ne
459 340 1017 433 interposito
1071 333 1470 409 Deorum
1494 335 1901 433 factum,
1936 332 1955 345 '
1990 338 2157 413 loco
2208 346 2425 415 vocis

295 434 662 530 factum
707 430 1090 505 substituit
1138 457 1426 507 vocem.-
1474 448 1855 505 auctum.

219 620 236 631 ι
460 526 672 603 Unde
707 552 874 603 vero
895 528 1042 601 sibi
1078 532 1468 633 quisquam
1498 530 1578 602 id
1578 532 1777 629 juris
1794 528 2135 631 adroget,
2176 550 2261 607 ut
2294 558 2435 609 re-

277 624 654 728 fragante
689 628 1004 699 omnium
1049 625 1383 699 codicum
1430 650 1789 701 consensu
1835 626 2131 723 Livium
2177 630 2415 705 Livio

299 727 853 803 concinniorem,
874 728 945 797 si
961 720 1309 821 vulgatae
1323 728 1688 797 sententia
1712 748 1860 797 non
1878 728 2421 803 contemnenda

182 860 193 869 .
277 822 549 922 fuerit,
567 818 777 893 nobis
803 818 1151 893 obtrudat
1166 821 1204 890 Ρ
1253 820 1349 893 N
1340 844 1423 893 ec
1453 846 1613 919 ego,
1632 820 1877 915 (quod
1894 821 2159 895 durius
2176 830 2417 898 inusi-

153 916 166 929 ’
301 923 670 1017 tatiusque
661 915 908 1013 foret)
918 931 1090 1015 post
1119 940 1359 990 vocem
1368 917 1452 1017 f
1444 941 1497 990 a
1510 933 1595 990 ct
1612 942 1749 991 um
1775 915 1851 981 τὸ
1888 921 2029 1009 ins
2046 922 2135 1019 ig
2152 946 2260 993 ne
2290 948 2421 996 re-

292 1032 556 1115 petam.
600 1014 978 1111 Insignius
1009 1014 1256 1117 utique
1282 1010 1501 1089 Galli
1521 1016 1857 1114 corporis
1892 1018 2421 1113 magnitudine

291 1111 796 1212 praevalentis·
825 1108 1176 1187 adversus
1215 1125 1453 1208 artem
1482 1116 1960 1213 virtutemque
1976 1114 2411 1189 Romanam

298 1208 882 1377 certamenfffingi
897 1213 1142 1281 animo
1163 1208 1457 1283 licuerit
1470 1236 1493 1281 .·
1544 1214 1781 1283 minus
1828 1214 2115 1310 insigne
2152 1212 2415 1285 reddi-

297 1324 472 1391 tum,
487 1332 634 1407 quo
694 1310 1071 1402 praesenti
1081 1330 1162 1381 se
1177 1308 1469 1381 numine
1488 1308 2020 1405 interponentes
2034 1306 2177 1391 Dii
2189 1308 2414 1405 infit·-

297 1408 595 1478 miorem
629 1400 1054 1476 bellatorem
1067 1426 1206 1501 suo
1218 1402 1601 1503 praesidio
1624 1402 2091 1503 adjuverunt.
2148 1404 2417 1491 Enim-

294 1525 478 1581 vero
506 1522 654 1574 non
685 1514 1166 1595 spectatorem
1194 1502 1433 1575 solum
1452 1498 1709 1573 divum
1723 1499 2145 1599 interfuisse
2160 1520 2409 1575 certa-

299 1603 509 1681 mini,
609 1596 743 1669 sed
791 1592 1077 1693 fecisse
1143 1620 1309 1671 cum
1352 1594 1713 1680 Romano,
1762 1622 1866 1687 ea:
1916 1602 2084 1697 ipsa
2103 1596 2410 1699 fabula

295 1696 482 1787 satis
529 1708 860 1781 constat;
907 1691 1112 1793 quod
1155 1694 1301 1769 hac
1346 1697 1668 1767 maxime
1709 1692 2095 1769 subactum
2144 1700 2219 1768 vi
2239 1696 2405 1771 Ro-

199 1860 204 1865 .
297 1816 513 1871 mano
581 1789 1050 1867 succubuisse
1127 1791 1409 1866 hostem
1474 1786 1703 1888 refert
1787 1790 2053 1869 Livius
2073 1822 2095 1865 .·
2128 1796 2137 1805 '
2182 1816 2405 1893 quo-

299 1894 880 1987 tiescumque
920 1902 1385 1963 certamen
1430 1892 1772 1965 initum
1816 1904 1993 1973 est,
2046 1915 2147 1963 os
2192 1914 2407 1963 ocu-

299 1986 626 2086 losque
673 1986 986 2058 hostis
1031 1994 1279 2061 rostro
1326 2000 1401 2058 et
1448 1984 1911 2084 unguibus
1946 1985 2405 2084 adpetiit.-

247 2155 262 2171 χ
297 2082 586 2156 donec
630 2086 1084 2181 ‘territum
1135 2082 1580 2183 prodigii
1628 2084 1849 2157 talis
1898 2088 2134 2167 visu,
2188 2108 2399 2157 ocu-

299 2180 429 2253 lis
542 2180 825 2254 simul
915 2200 1024 2251 ac
1117 2195 1425 2255 mente
1520 2179 2000 2273 turbatum
2078 2218 2171 2233 ——
2248 2180 2403 2255 ob-

299 2291 713 2351 truncat
1292 2310 1299 2320 ·
1678 2300 1775 2341 ,ι
2104 2334 2197 2343 ,.

492 2374 927 2447 Doctissimi
985 2372 1286 2473 Kreyss.
1351 2374 1761 2473 permultas
1831 2374 2401 2460 emendationes,

291 2546 300 2555 ,
351 2498 611 2547 uarum
658 2468 948 2572 quidem
995 2475 1323 2545 rationes
1368 2497 1472 2543 ex
1534 2472 1707 2557 illa,
1784 2498 2007 2575 quam
2052 2472 2401 2546 Draken—

297 2494 648 2649 Zorchius
675 2564 1028 2665 subgerit,
1055 2567 1411 2655 ,codicum
1431 2568 1949 2668 probabantur
1978 2572 2213 2667 copia,
2257 2568 2405 2641 ad-

299 2672 740 2770 optavimus.
865 2662 1081 2767 Quae
1147 2670 1298 2765 ipsi
1354 2690 1520 2738 cum
1584 2665 1683 2739 ob
1736 2657 1975 2765 fidem
2034 2665 2395 2751 codicum,

301 2784 456 2842 tum
519 2762 721 2866 quod
777 2778 1042 2860 suapte
1102 2778 1375 2840 natura
1439 2762 1649 2835 Livii
1709 2762 2142 2839 videbantur
2208 2787 2396 2845 esse,

302 2871 380 2937 in
427 2877 715 2945 textwn
760 2862 1295 2944 revocavinucs,
1352 2872 1373 2883 ‘
1388 2884 1765 2960 perpauca
1820 2876 2030 2944 sunt.·
2108 2856 2197 2935 Si
2244 2884 2403 2961 qua

303 2986 474 3035 vero
505 2963 584 3033 in
616 2954 1133 3058 praeoptanda
1179 2953 1487 3033 lectione
1516 2962 1753 3033 minus
1777 2982 2129 3059 prospere
2160 2979 2397 3031 cesse-

303 3064 508 3142 rint‚'
535 3070 627 3130 e‘a
671 3066 910 3154 aequo
957 3057 1281 3127 virorum
1324 3052 1451 3129 dd.
1488 3054 1777 3155 judicio
1820 3059 2271 3137 examinata,
2322 3058 2405 3127 si
2451 3122 2453 3131 ,

301 3170 680 3255 repetatur
723 3150 978 3235 editio‚'
1024 3146 1513 3237 lubentissime
1562 3152 2154 3247 immutabuntur.
2451 3142 2452 3160 ¹

445 3246 872 3325 Scribebam
929 3247 1412 3351 Stutgardiae
1466 3248 1809 3327 Calendis
1860 3248 2097 3351 Majis
2148 3246 2249 3323 A.
2302 3246 2395 3325 C·
2434 3282 2445 3295 ·

303 3346 876 3425 MDCCCXXI
875 3344 979 3419 V.
2448 3382 2450 3420 ι

1249 4120 1281 4143 ·
2442 4056 2444 4206 Ι
