2534 4309
511 163 1761 258 LtnfltnX5C122050
1918 159 2185 240 ·445

61 352 188 414 cul
259 337 605 434 proximos
659 347 1052 434 campestres
1107 353 1329 429 cerni3
1390 351 1695 412 ulteriora
1736 353 1977 430 colles;
2038 351 2193 415 inde

59 451 232 494 esse
307 433 546 494 ostium
603 430 888 493 fluminis
930 432 1237 513 praealti,
1309 452 1437 512 quo
1479 432 1827 513 circumagi
1882 451 2078 496 naves
2120 435 2193 494 in

62 507 663 574 stationem‘tutam
692 512 970 574 vidisse=
1019 511 1393 588 (Meduacus
1436 511 1638 572 amnis
1659 513 1823 586 erat)
1850 533 1931 574 eo
1972 514 2191 577 invec-

63 605 210 653 tam
261 591 545 656 classem
585 593 822 652 subire·
849 590 1118 652 flumine
1159 593 1429 654 adverso
1472 591 1677 670 jussit.
1764 591 2191 656 Gravissimas

67 673 366 736 navium
415 694 545 733 non
599 672 866 752 pertulit
908 674 1126 733 alveus
1169 670 1471 732 fluminis.
1530 671 1598 730 in
1642 671 1885 733 leviora
1939 668 2196 755 navigia

67 765 504 836 transgressa
567 751 904 812 multitudo
966 765 1345 812 armatorum
1414 749 1494 811 ad
1549 751 1925 832 frequentes
1982 769 2194 833 agros,

67 833 312 894 tribus
359 831 692 894 maritimis
731 831 1178 894 Patavinorum
1218 831 1379 906 vicis
1424 831 1779 894 colentibus
1811 852 1949 891 eam
1992 851 2195 906 oram,-

71 908 432 994 perv'enit.
496 911 592 973 lbi
635 911 908 992 egressi,
953 913 1084 972 levi
1107 909 1449 992 'praesidio
1491 909 1757 973 navibus
1801 911 2051 983 relicto,
2094 912 2197 973 vi-

75 1013 204 1056 cos
254 1005 660 1074 expugnant,
706 989 1096 1052 inflammant
1137 1005 1335 1064 tecta,
1391 991 1713 1052 hominum
1755 989 2197 1084 pecudumque

77 1071 384 1154 praedas
425 1084 652 1154 agunt,
711 1086 778 1134 et
818 1071 1158 1132 dulcedine
1213 1071 1565 1155 praedandi
1608 1073 1863 1152 longius
1912 1091 2119 1154 usque
2158 1093 2197 1134 s

68 1153 373 1213 navibus
427 1151 807 1232 procedunt.
887 1153 1066 1212 Haec
1123 1151 1236 1212 ubi
1299 1152 1627 1216 Patavium
1685 1162 1834 1212 sunt
1889 1151 2194 1226 nuntiata,

76 1231 393 1312 (semper
451 1245 658 1310 autem
703 1251 816 1292 eos
861 1231 926 1291 in
970 1231 1163 1296 armis
1207 1231 1469 1293 adcolae
1514 1231 1685 1294 Galli
1737 1227 2085 1308 habebant)
2126 1229 2200 1291 in

77 1311 254 1373 duas
293 1324 516 1393 partes
556 1309 942 1374 'uventutem
970 1311 1285 1374 dividunt.
1330 1311 1529 1373 altera
1567 1311 1635 1371 in
1679 1309 2035 1393 regionem,
2076 1331 2202 1394 qun

77 1391 306 1454 effusa
371 1331 700 1472 populatio
743 1391 1184 1469 nuntiabatur3
1241 1393 1471 1464 altera,
1534 1411 1617 1452 ne
1660 1393 1763 1452 cui
1806 1387 2202 1471 praedonum

82 1471 294 1533 obvia
337 1469 564 1543 fieret,
628 1473 830 1532 altero
874 1472 1112 1532 itinere
1171 1470 1252 1530 ad
1291 1471 1629 1532 stationem
1672 1469 1928 1532 navium
1970 1462 2204 1545 (millia-

79 1567 308 1614 autem
351 1549 834 1633 quatuordecim
875 1553 940 1630 *)
983 1551 1061 1610 ab
1105 1551 1351 1630 oppido
1394 1550 1641 1628 aberat)
1686 1551 1893 1612 (lucta.
1973 1553 2045 1610 In
2086 1571 2201 1612 na-

87 1652 210 1692 ves
255 1651 526 1714 parvas,
571 1629 941 1693 custodibus
984 1630 1381 1704 interemtis,
1425 1631 1683 1710 inpetus
1726 1631 1963 1710 saetaus3
2007 1629 2202 1693 terri-

89 1711 288 1794 tique
347 1723 580 1772 nautae
645 1724 960 1794 coguntur
1015 1729 1211 1772 naves
1286 1711 1353 1770 in
1422 1711 1685 1772 alteram
1736 1711 1945 1790 ripam
1998 1711 2203 1772 amnis

83 1791 506 1870 transjicere.
550 1803 614 1852 et
653 1791 718 1850 in
765 1789 936 1852 terra
976 1811 1363 1871 prosperum
1400 1791 1603 1872 aeque
1627 1789 1699 1850 in
1738 1790 1983 1870 palatos
2008 1809 2203 1874 prae-

93 1869 362 1932 datores
449 1871 724 1930 roelium
777 1871 1032 1946 suerat3
1095 1870 1695 1953 refugientibusque
1738 1871 1819 1930 ad
1860 1869 2203 1936 stationem

93 1951 378 2012 Graecis
481 1950 656 2011 eneti
698 1949 1039 2011 obsistunt.
1095 1953 1186 2012 lta
1225 1951 1296 2010 in
1336 1951 1551 2010 medio
1594 1949 2011 2013 circumuenti
2050 1948 2205 2013 hos..

96 2043 192 2090 tes
239 2029 587 2112 caesique3
629 2047 782 2125 pars
825 2031 992 2110 capti
1020 2030 1293 2092 classem
1324 2029 1609 2090 indicant
1629 2047 1978 2123 regemque
2010 2031 2203 2094 Cleo-a

97 2129 364 2190 nymum
407 2109 532 2170 tria
583 2109 780 2169 millia
823 2109 1070 2170 abesse.
1155 2109 1335 2182 Inde,
1400 2109 1669 2190 captivis
1714 2131 2011 2190 proximo
2052 2111 2205 2174 vico

99 2188 170 2249 in
211 2189 573 2252 custodiam
617 2189 813 2260 datis,
859 2209 1007 2269 pars
1053 2185 1395 2251 fluviatiles
1436 2209 1667 2262 naveS,
1724 2189 1807 2249 ad
1845 2191 2209 2271 superanda

95 2269 258 2330 vada
306 2283 676 2350 stagnorum
717 2277 866 2348 apte
911 2269 1122 2349 planis
1164 2269 1365 2330 alveis
1406 2268 1765 2340 fabricatas,
1858 2291 1959 2330 ars
2002 2269 2207 2351 capti-

99 2369 176 2410 va
217 2345 480 2429 n'avigia
525 2349 778 2408 armatis
807 2349 1150 2428 complent.
1192 2349 1602 2430 profectique
1646 2345 1727 2408 ad
1767 2369 1803 2409 c
1830 2369 2055 2422 assem,
2100 2351 2205 2411 in-

103 2429 384 2490 mobiles
429 2448 624 2490 naves
670 2441 732 2488 et
773 2429 914 2488 loca
958 2431 1176 2508 ignota
1218 2431 1385 2508 plus,
1429 2447 1617 2510 quarn
1658 2426 1929 2500 hostem,
1973 2429 2220 2490 timen-·

97 2521 198 2568 tes
243 2507 764 2570 circumvaduntz
809 2507 1256 2591 fugientesque
1300 2508 1369 2569 in
1410 2508 1851 2580 altumacrius,
1893 2529 2079 2590 quam
2096 2521 2239 2571 ιε’-ι’

151 2601 486 2669 ugnsntes,
530 2607 734 2680 usque
775 2587 852 2648 ad
897 2588 1126 2648 ostium
1171 2587 1374 2648 amnis
1418 2587 1768 2670 persecuti,
1813 2588 2013 2681 captis
2056 2589 2203 2672 qui-

101 2607 372 2730 Eusdsm
412 2667 822 2746 incensisque
865 2668 1130 2730 navibus
1172 2666 1486 2741 hostium,
1546 2689 1699 2751 quas
1742 2668 2087 2748 trepidatio
2130 2671 2203 2732 in

105 2745 262 2808 vada
343 2747 678 2816 intulerat,
755 2746 1033 2808 victores
1093 2761 1523 2810 revertuntur.
1619 2747 2018 2828 Cleonymus,
2092 2747 2203 2814 vix

151 2827 333 2886 uinta
375 2839 557 2906 parte
601 2826 854 2888 navium
901 2826 1246 2899 incolumi,
1306 2828 1478 2888 nulla
1521 2827 1793 2908 regione
1834 2830 2025 2892 maris
2067 2831 2201 2892 Ha-

153 2903 372 2968 riatici
411 2925 732 2985 prospere
774 2905 963 2980 adita,
1009 2906 1331 2968 discessit.
1392 2911 1629 2968 Rostra
1668 2907 1923 2968 navium
1964 2911 2201 2990 spolia·-

113 3004 235 3066 que
277 2987 626 3056 Laconum,
671 2985 740 3044 in
781 2985 939 3048 aede
973 2987 1243 3048 Junonis
1288 2987 1495 3050 veteri
1535 2985 1697 3058 fixa,
1741 2989 1921 3048 multi
1968 3009 2197 3072 super-

113 3077 298 3141 sunt,
363 3064 473 3146 qui
515 3063 818 3128 viderunt
856 3067 1125 3128 Patavii.
1205 3079 1681 3128 monumentum
1734 3069 1978 3130 navalis
2037 3092 2203 3154 pug-

117 3165 230 3206 nae
269 3165 354 3206 eo
397 3144 536 3216 die,
583 3166 711 3227 quo
750 3161 1096 3228 pugnatum
1137 3159 1271 3218 est,
1336 3147 1675 3229 quotannis
1717 3149 2013 3210 sollemni
2056 3171 2201 3214 cer-

116 3224 344 3286 tamine
387 3224 637 3286 navium
679 3224 748 3286 in
793 3224 1054 3288 flumine
1095 3225 1323 3308 oppidi
1365 3226 1579 3288 medio
1608 3243 1984 3291 exercetur.

267 3307 378 3366 ΙΙΙ.
459 3305 708 3370 Eodem
769 3325 934 3385 anno
976 3309 1217 3367 Romae
1261 3327 1403 3368 cum
1442 3307 1731 3368 Vestinis
1752 3351 1771 3380 ,
1834 3309 2207 3390 petentibus

119 3385 454 3448 amicitiam
473 3428 510 3458 ,‚
555 3385 750 3446 ictum
793 3399 892 3447 est
930 3385 1179 3448 foedus.
1264 3386 1605 3466 Multiplex
1668 3387 1903 3447 deinde
1944 3405 2203 3456 exortus

120 3475 345 3528 terror.
409 3464 728 3526 Etruriam
775 3465 1114 3539 rebellare,
1161 3466 1238 3528 ab
1283 3467 1733 3527 Arretinorum
1775 3467 2207 3538 seditionibus

123 3559 290 3608 motu
334 3557 512 3619 orto,
557 3544 1008 3608 nuntiabatur:
1069 3547 1183 3608 ubi
1231 3546 1507 3608 Cilnium
1548 3567 1749 3628 genus
1792 3563 2201 3629 praepotens,
2280 3599 2287 3606 .

125 3620 496 3688 divitiarum·
531 3624 804 3698 invidia,
865 3625 1024 3706 pelli
1080 3626 1273 3688 armis
1334 3639 1667 3706 coeptum3
1730 3626 1915 3688 simul
1956 3635 2206 3694 Marsos

125 3721 340 3785 agrum
384 3704 453 3767 vi
495 3704 700 3777 tueri,
761 3705 830 3766 in
875 3726 1066 3788 quem
1105 3707 1357 3768 colonia
1402 3707 1697 3768 Carseoli
1736 3706 2003 3770 deducta
2043 3725 2201 3782 erat,

128 3799 388 3866 quatuor
441 3784 729 3848 millibus
777 3784 1106 3850 hominum
1144 3784 1431 3868 scriptis.
1518 3789 1737 3870 Itaque
1776 3801 2046 3869 propter
2086 3809 2205 3854 eos

187 3955 238 4022 Ι’)
267 3955 554 4032 quindecim
589 3951 764 4014 Gron.
803 3951 956 4012 Crev.
