2534 4309
435 192 848 263 Linus.
942 192 1056 262 1v.
1154 194 1415 265 Car.
1514 191 1807 291 alna&
2022 216 2151 285 ¹9¹

22 410 26 419 >
107 379 366 459 tempor-1⁰⁸
403 382 610 442 modus
649 380 1056 462 inponeretur,
1115 384 1319 462 quibus
1357 383 1511 461 juris
1548 384 1755 465 ἰηροηί
1800 406 1919 447 non
1954 395 2157 465 possen

101 460 254 521 Alios
277 461 646 537 magistratus
673 483 894 522 annuos
925 482 1056 537 esse,
1097 465 1577 544 quinquennalem
1604 485 1903 526 censuram
1924 492 1941 525 .-
1978 486 2163 547 gravo

99 560 220 611 esse,
261 540 466 601 iisdem
503 563 610 621 per
645 552 736 601 iot
771 564 954 603 annos
994 564 1208 622 magna
1245 555 1413 624 purte
1452 546 1601 612 vitae
1638 542 1913 605 obnoxios
1952 548 2157 607 vivere.

99 638 152 679 se
187 620 366 699 legem
405 622 684 693 laturum,
725 642 797 683 ne
833 623 980 701 plus,
1021 624 1198 700 quum
1235 644 1435 683 annua
1472 645 1543 685 ac
1578 627 1877 705 semestris,
1920 646 2159 686 censura

99 711 241 759 esset.
323 702 658 763 Consensu
709 702 965 784 ingenti
1017 704 1245 785 populi
1284 705 1495 786 legem
1534 717 1801 785 postero
1859 705 1966 767 die
2006 726 2158 787 per·

97 779 264 857 tulit,
319 794 426 855 et,
469 792 535 841 ut
571 804 635 841 ra
674 782 827 861 ipsa,
887 782 1128 866 inquit,
1187 783 1415 855 sciatis,
1459 783 1741 861 Quirites,
1801 805 1974 863 quam
2015 786 2165 845 mihi

93 858 370 921 diuisa-m
408 882 528 921 non
549 862 814 941 placeant
853 862 1120 942 imperia,
1161 866 1459 923 dictatura
1498 884 1589 923 me
1627 864 1853 925 abdico,
1938 866 2161 958 Depo-

98 940 218 1001 sito
257 962 372 1004 suo
414 942 821 1025 magistratu,
871 942 1062 1005 modo
1105 944 1375 1005 aliorum
1406 944 1806 1027 magistratui
1850 946 2158 1026 inposito,

95 1016 220 1081 fine
272 1021 494 1093 alteri,
554 1042 698 1083 cum
749 1023 1309 1104 gratulatione‘ac
1364 1024 1595 1087 favor&
1646 1024 1894 1108 ingenti
1934 1024 2163 1107 populi

96 1098 340 1161 domum
381 1116 482 1163 est
518 1100 840 1163 reductus.
898 1105 1236 1180 Censores,
1278 1124 1473 1185 aegre
1514 1106 1704 1199 passi,
1750 1110 2158 1179 Mamercum,

95 1180 258 1262 quod
293 1182 731 1263 magistratum
763 1183 987 1264 populi
1019 1185 1294 1247 Romani
1332 1186 1687 1259 minuisset,
1730 1185 1903 1247 tribu
1942 1206 2161 1247 move-

93 1261 270 1337 runt,
345 1262 858 1347 octuplicatoque
930 1284 1128 1327 censu
1195 1265 1510 1327 aerarium
1566 1263 1881 1327 fecerunt.
1910 1269 1923 1293 ⁸
1976 1286 2163 1349 quam

93 1360 221 1403 rem
271 1339 487 1423 ipsum
545 1343 796 1425 ingenti
850 1344 1062 1424 animo
1117 1344 1347 1409 tulisse
1404 1344 1657 1418 femnt,
1723 1366 2003 1407 caussam
2042 1366 2162 1426 po-

93 1421 209 1482 tius
267 1421 664 1504 ignominiae
721 1424 1099 1499 intuentem,
1162 1446 1349 1509 quam
1406 1424 1859 1508 ignominiam3
1918 1426 2162 1507 primo-

91 1522 190 1563 res
227 1504 525 1576 Patrum,
581 1523 950 1588 quamquam
993 1504 1385 1567 deminutum
1427 1525 1734 1567 censurae
1776 1505 1876 1585 jus
1915 1506 2161 1567 noluis-

92 1596 258 1657 sent,
343 1584 639 1677 exemplo
703 1584 1072 1648 acerbitatis
1123 1584 1457 1648 censoriae
1512 1585 1855 1655 obiens-os:
1916 1586 2161 1669 quippe

93 1682 275 1745 quum
331 1682 403 1725 se
444 1684 712 1749 quisque
755 1663 992 1729 diutius
1043 1684 1117 1728 ac
1158 1666 1416 1748 saepius
1472 1665 1827 1746 subjectum
1870 1664 2161 1730 censori-

89 1742 200 1805 bus
264 1743 420 1809 sore
470 1742 804 1819 cerneret}
867 1767 1054 1829 quam
1105 1765 1437 1808 censuram
1494 1760 1840 1829 gesturum.
1921 1745 2163 1829 Populi

91 1836 262 1885 certe
307 1837 483 1886 tauta
535 1822 894 1907 indignatio
936 1838 1160 1889 coorta
1207 1826 1487 1900 dicitur,
1547 1838 1618 1887 ut
1657 1826 1755 1887 vis
1797 1848 1832 1886 a
1874 1826 2161 1887 censori-

91 1902 200 1965 bus
239 1905 485 1967 nullius
516 1904 910 1983 auctoritate,
954 1920 1398 1992 praeterquam
1440 1905 1643 1989 ipsius
1674 1907 2002 1984 Mamerci,
2048 1904 2162 1967 de-

93 1986 320 2047 terreri
453 1985 660 2050 iverit.
1918 2050 1929 2063 ,
2046 2042 2051 2047 .

237 2066 362 2127 XX
428 2109 445 2125 .
529 2064 805 2141 Tribuni
845 2065 1092 2149 plebis,
1153 2065 1435 2130 adsiduis
1476 2063 1896 2129 concionibus
1935 2062 2165 2148 prolui-

93 2142 298 2207 hendo
341 2146 700 2209 consularia
743 2146 1028 2221 comitia,
1057 2210 1066 2219 ,
1092 2168 1285 2231 quum
1324 2167 1431 2207 res
1473 2166 1681 2227 prope
1722 2144 1801 2205 ad
1840 2147 2163 2229 interreg-
2251 2181 2256 2187 -

92 2244 230 2287 num
323 2227 587 2289 erducta
629 2238 824 2301 esset,
869 2227 1128 2289 evicere
1168 2226 1449 2302 tandem,
1493 2240 1563 2286 ut
1599 2225 1847 2297 tribuni
1887 2227 2161 2289 militum

93 2322 286 2368 consu
314 2306 414 2367 ari
435 2318 754 2388 potestate
783 2321 1188 2369 crearentur:
1229 2306 1541 2371 victoriae
1578 2306 1952 2388 praemium,
1986 2305 2161 2389 quod

89 2388 455 2466 petebatur,
517 2398 589 2447 ut
641 2386 936 2468 plebeius
976 2400 1336 2461 crearetur,
1393 2388 1635 2448 nullum
1686 2386 1829 2448 suit.
1913 2385 2159 2449 Omnes

91 2467 344 2547 patricii
386 2466 584 2528 creati
625 2481 810 2541 sunt,
868 2472 956 2529 M.
996 2467 1233 2531 Fabius
1277 2468 1655 2541 Vibulanus,
1774 2482 1846 2538 U,
1884 2500 1933 2538 ο,
1973 2484 2088 2539 322.

92 2548 172 2607 M.
207 2548 493 2618 Foslius,
533 2548 610 2607 L.
653 2544 916 2631 Sergius
955 2547 1253 2609 Fidenas.
1334 2548 1655 2609 Pestilen-
1776 2568 1827 2609 a.
1866 2550 1929 2613 C·
1972 2552 2091 2613 1030.

91 2626 170 2687 tia
223 2648 310 2689 eo
375 2647 544 2689 anuo
617 2628 884 2689 aliarum
937 2648 1155 2690 rerum
1217 2628 1417 2691 otium
1474 2627 1792 2710 praebuit.
1868 2628 2047 2691 aedis
2080 2625 2149 2705 ³¹⁸)

89 2707 422 2789 Appollini
511 2728 584 2769 ro
624 2707 986 2771 valetudine
1025 2709 1251 2791 populi
1292 2722 1437 2771 vota
1478 2720 1597 2771 est.
1680 2708 1879 2769 Multa
1926 2708 2146 2771 duum-

89 2787 208 2850 viri
263 2810 348 2851 ex
401 2728 628 2864 lilii-is,
687 2786 1032 2870 placandae
1076 2790 1283 2850 Deum
1334 2789 1507 2863 irae,
1567 2786 2075 2871 avertendaeque
2118 2810 2154 2849 a
2228 2848 2241 2863 Ι

91 2868 329 2951 populo
382 2866 588 2950 pestis
641 2890 894 2943 caussa,
958 2868 1216 2945 fecere:
1278 2888 1499 2951 magna
1555 2881 1765 2929 tamen
1823 2868 2033 2932 clades
2088 2869 2159 2929 iu

91 2950 244 3013 urbe
287 2949 623 3032 agrisque,
731 2950 1048 3011 romiscue
1088 2945 1417 3011 hominum
1455 2968 1890 3031 pecorumque
1932 2949 2155 3029 perni-

89 3030 218 3105 cie,
287 3041 576 3111 aecepta.
692 3050 894 3091 amem
951 3029 1305 3093 cultoribus
1372 3048 1670 3109 agrorum
1725 3027 2023 3108 timentes
2086 3028 2159 3089 iu

87 3110 410 3171 Etruriam
447 3111 982 3195 Pomptinumque
1024 3116 1264 3193 agrum,
1308 3124 1377 3173 et
1415 3113 1673 3184 Cumas,
1717 3122 2045 3189 postremo
2088 3109 2157 3169 iu

89 3190 376 3253 Siciliam
441 3212 696 3276 quoque
745 3188 1051 3253 frumenti
1105 3211 1323 3253 caussa
1372 3192 1627 3253 misere.
1710 3189 2157 3251 Consularium

89 3272 492 3333 comitiorum
529 3272 701 3333 nulla
744 3270 988 3333 mentio
1025 3271 1240 3333 habita
1284 3284 1401 3333 est.
1563 3269 1840 3331 Tribuni
1880 3268 2157 3331 militum

89 3352 415 3415 consulari
469 3365 784 3433 potestate
837 3372 1060 3414 omnes
1137 3351 1397 3434 patricii
1448 3350 1647 3413 creati
1765 3362 1837 3421 U.
1875 3382 1921 3422 c.
1962 3364 2081 3420 325.

91 3446 232 3493 sunt
251 3476 270 3505 ,
330 3436 408 3495 L.
447 3432 746 3495 Pinarius
789 3431 1214 3495 Mamercinus
1235 3476 1252 3505 ‚
1296 3434 1371 3492 L.
1426 3431 1663 3493 Furius
1781 3450 1833 3489 a.
1868 3431 1933 3489 C,
1972 3442 2087 3504 4²9·
2184 3498 2191 3510 1

89 3511 509 3587 Medullinus,
571 3514 688 3595 Sp.
732 3512 1094 3577 Postumius
1135 3512 1360 3575 Albus.
1440 3516 1538 3574 Eo
1592 3533 1759 3574 auno
1810 3512 1910 3576 vis
1950 3506 2163 3573 morbi

89 3592 326 3667 levata,
379 3614 589 3678 neque
649 3615 684 3655 a
735 3592 1008 3675 penuria
1062 3592 1399 3668 frumenti,
1456 3591 1603 3677 quia
1643 3607 1789 3654 ante
1832 3592 2181 3675 provisum·

92 3688 243 3745 erat,
289 3674 644 3755 periculum
682 3673 825 3736 fuit.
856 3673 1140 3738 Consilia
1179 3672 1260 3735 ad
1298 3672 1611 3737 movenda
1648 3671 1816 3734 bella
1858 3674 1929 3733 in
1970 3672 2165 3739 Vols-

90 3774 312 3817 corum
348 3756 843 3842 Aequorumque
901 3752 1232 3829 conciliis,
1300 3766 1367 3816 et
1405 3754 1475 3814 in
1513 3752 1771 3816 Etruria
1824 3750 1905 3814 ad
1940 3751 2167 3813 fanum

91 3834 505 3911 Voltumnae,
562 3838 810 3921 agitata.
879 3833 992 3897 -lbi
1017 3835 1319 3916 'prolatae
1362 3833 1433 3897 in
1472 3854 1705 3895 annum
1744 3852 1852 3896 res
1872 3874 1890 3907 ,
1934 3831 2163 3892 decre-

89 3926 288 3999 toque
329 3930 608 3992 cautum,
667 3936 752 3979 ue
794 3914 968 4001 quod
1022 3928 1170 3979 ante
1224 3914 1569 3979 concilium
1606 3911 1832 3990 θοι-εις
1886 3906 2163 3994 nequid-

147 4084 208 4151 ‘)
245 4087 396 4140 ωδε*
428 4084 602 4144 Gran.
641 4082 797 4147 Gn·
876 4105 880 4115 ·
